@article{Zhou2013,
    author    = {Y. Zhou and J. A. D. Aston and A. M. Johansen},
    title     = {Bayesian Model Comparison for Compartmental Models with Applications in Positron Emission Tomography},
    journal   = {Journal of Applied Statistics},
    year      = {2013},
    month     = {May},
    volume    = {40},
    number    = {5},
    pages     = {993--1016}
}

@techreport{software:VSMC,
    author      = {Y. Zhou},
    title       = {{vSMC}: Parallel Sequential {M}onte {C}arlo in {C++}},
    institution = {ArXiv},
    year        = {2013},
    type        = {Mathematics e-print},
    number      = {1306.5583}
}

@book{software:GoF,
    author = {Eric Gamma and Richard Helm and Ralph Johnson and John Vlissides},
    title = {Design Patterns: Elements of Reusable Object-Oriented Software},
    year = {1995},
    publisher = {Addison-Wesley},
    address = {New York, USA}
}

@article{presampling,
    author = {Murray, L.M. and Lee, A. and Jacob, P.E.},
    title = {{Rethinking resampling in the particle filter on graphics
        processing units}},
    journal = {ArXiv e-prints},
    eprint = {1301.4019},
    primaryClass = "stat.CO",
    year = 2013,
    month = jan,
}

@book{cpptemplate,
    author = {Vandevoorde, David and Josuttis, Nicolai M.},
    title = {{C++ Templates: The Complete Guide}},
    publisher = {Addison Wesley},
    year = 2003,
    address = {Boston, USA}
}

@book{moderncpp,
    author = {Alexandrescu, Andrei},
    title = {{Moder C++ Design: Generic Programming and Design Patterns
        Applied}},
    publisher = {Addison Wesley},
    series = {C++ In-Depth Series},
    editor = {Stroustrup, Bjarne},
    year = 2004,
    address = {Boston, USA}
}

@article{datapar,
    author = {Hillis, W.D. and Steele, G.L. Jr.},
    title = {{Data parallel algorithms}},
    year = {1986},
    journal = {Communications of the ACM},
    issue = {29},
    pages = {1170--1184}
}

