

@article{Ahrens1974,
	Author = {Ahrens, J. H. and Dieter, U.},
	Journal = {Computing},
	Number = {3},
	Pages = {223--246},
	Publisher = {Springer},
	Title = {{Computer methods for sampling from Gamma, Beta, Poisson and Binomial distributions}},
	Volume = {12},
	Year = {1974}}

@article{Ahrens1982,
	Author = {Ahrens, J. H. and Dieter, U.},
	Journal = {Communications of the ACM},
	Number = {1},
	Pages = {47--54},
	Publisher = {ACM},
	Title = {{Generating gamma variates by a modified rejection technique}},
	Volume = {25},
	Year = {1982}}

@inproceedings{Akaike1973,
	Author = {Akaike, Hirotugu},
	Booktitle = {Second International Symposium on Information Theory},
	Editor = {Kotz, S. and Johnson, N. L.},
	Pages = {267--281},
	Publisher = {Akademiai Kiado},
	Title = {{Information theory and an extension of the maximum likelihood principle}},
	Year = {1973}}

@article{Akaike1974,
	Author = {Akaike, Hirotugu},
	Journal = {IEEE Transactions on Automatic Control},
	Number = {6},
	Pages = {716--723},
	Title = {{A new look at the statistical model identification}},
	Volume = {19},
	Year = {1974}}

@incollection{Akaike1977,
	Author = {Akaike, Hirotugu},
	Booktitle = {Applications of Statistics},
	Pages = {27--41},
	Publisher = {North Holland},
	Title = {{On entropy maximization principle}},
	Year = {1977}}

@article{Akaike1978,
	Author = {Akaike, Hirotugu},
	Journal = {Annals of the Institute of Statistical Mathematics},
	Number = {1},
	Pages = {9--14},
	Publisher = {Springer},
	Title = {{A Bayesian analysis of the minimum AIC procedure}},
	Volume = {30},
	Year = {1978}}

@article{Akaike1980,
	Author = {Akaike, Hirotugu},
	Journal = {Trabajos de Estadistica Y de Investigacion Operativa},
	Number = {1},
	Pages = {143--166},
	Publisher = {Springer Berlin / Heidelberg},
	Title = {{Likelihood and the Bayes procedure}},
	Volume = {31},
	Year = {1980}}

@article{Akaike1981,
	Author = {Akaike, Hirotugu},
	Journal = {Journal of Econometrics},
	Number = {1},
	Pages = {3--14},
	Title = {{Likelihood of a model and information criteria}},
	Volume = {16},
	Year = {1981}}

@article{Alawadhi2004,
	Author = {Al-Awadhi, Fahimah and Hurn, Merrilee and Jennison, Christopher},
	Journal = {Statistics \& Probability Letters},
	Number = {2},
	Pages = {189--198},
	Title = {{Improving the acceptance rate of reversible jump MCMC proposals}},
	Volume = {69},
	Year = {2004}}

@article{Albert1993,
	Author = {Albert, James H. and Chib, Siddhartha},
	Journal = {Journal of the American Statistical Association},
	Number = {422},
	Pages = {669--679},
	Title = {{Bayesian analysis of binary and polychotomous response data}},
	Volume = {88},
	Year = {1993}}

@article{Arulampalam2002,
	Author = {Arulampalam, M. Sanjeev and Maskell, Simon and Gordon, Neil and Clapp, Tim},
	Journal = {IEEE Transactions on Signal Processing},
	Number = {2},
	Pages = {174--188},
	Title = {{A tutorial on particle filters for online nonlinear/non-Gaussian Bayesian tracking}},
	Volume = {50},
	Year = {2002}}

@article{Barndorff-Nielsen1979,
	Author = {Barndorff-Nielsen, O. and Cox, D. R.},
	Journal = {Journal of the Royal Statistical Society. Series B (Methodological)},
	Number = {3},
	Pages = {279--312},
	Title = {{Edgeworth and saddle-point approximations with statistical applications}},
	Volume = {41},
	Year = {1979}}

@article{Barndorff-Nielsen1980,
	Author = {Barndorff-Nielsen, O.},
	Journal = {Biometrika},
	Number = {2},
	Pages = {293--310},
	Title = {{Conditionality resolutions}},
	Volume = {67},
	Year = {1980}}

@article{Barndorff-Nielsen1983,
	Author = {Barndorff-Nielsen, O.},
	Journal = {Biometrika},
	Number = {2},
	Pages = {343--365},
	Title = {{On a formula for the distribution of the maximum likelihood estimator}},
	Volume = {70},
	Year = {1983}}

@article{Bartlett1955,
	Author = {Bartlett, M. S. and Medhi, J.},
	Journal = {Biometrika},
	Number = {1},
	Pages = {143--150},
	Title = {{On the efficiency of procedures for smoothing periodograms from time series with continuous spectra}},
	Volume = {42},
	Year = {1955}}

@article{Bartlett1963,
	Author = {Bartlett, M. S.},
	Journal = {Sankhy\`{a}: The Indian Journal of Statistics, Series A},
	Number = {3},
	Pages = {245--254},
	Title = {{Statistical estimation of density functions}},
	Volume = {25},
	Year = {1963}}

@article{Bartolucci2006,
	Author = {Bartolucci, F.},
	Journal = {Biometrika},
	Number = {1},
	Pages = {41--52},
	Title = {{Efficient Bayes factor estimation from the reversible jump output}},
	Volume = {93},
	Year = {2006}}

@article{Berger1987,
	Author = {Berger, James O. and Delampady, Mohan},
	Journal = {Statistical Science},
	Number = {3},
	Pages = {317--335},
	Title = {{Testing precise hypotheses}},
	Volume = {2},
	Year = {1987}}

@article{Berger1989,
	Author = {Berger, James O. and Bernardo, Jos\'{e} M.},
	Journal = {Journal of the American Statistical Association},
	Number = {405},
	Pages = {200--207},
	Publisher = {American Statistical Association},
	Title = {{Estimating a product of means: Bayesian analysis with reference priors}},
	Volume = {84},
	Year = {1989}}

@article{Berger1992,
	Author = {Berger, James O. and Bernardo, Jos\'{e} M.},
	Journal = {Biometrika},
	Number = {1},
	Pages = {25--37},
	Title = {{Ordered group reference priors with application to the multinomial problem}},
	Volume = {79},
	Year = {1992}}

@incollection{Berger1992a,
	Author = {Berger, James O. and Bernardo, Jos\'{e} M.},
	Booktitle = {Bayesian Statistics},
	Editor = {Bernardo, Jos\'{e} M. and Berger, James O. and Dawid, A. P. and Smith, Adrian F. M.},
	Pages = {35--60},
	Publisher = {Oxford University Press},
	Title = {{On the development of reference priors}},
	Volume = {4},
	Year = {1992}}

@article{Berger2001,
	Author = {Berger, James O. and Pericchi, Luis R.},
	Journal = {IMS Lecture Notes - Monograph Series},
	Number = {2001},
	Pages = {135--207},
	Title = {{Objective Bayesian methods for model selection: introduction and comparison}},
	Volume = {38},
	Year = {2001}}

@article{Bernardo1979,
	Author = {Bernardo, Jos\'{e} M.},
	Journal = {Journal of the Royal Statistical Society. Series B (Methodological)},
	Number = {2},
	Pages = {113--147},
	Title = {{Reference posterior distributions for Bayesian inference}},
	Volume = {41},
	Year = {1979}}

@book{Bernardo2000,
	Address = {West Sussex, UK},
	Author = {Bernardo, Jos\'{e} M. and Smith, Adrian F. M.},
	Publisher = {John Wiley \& Sons, Inc.},
	Series = {Wiley Series in Probability and Statistics},
	Title = {{Bayesian Theory}},
	Year = {2000}}

@article{Besag1974,
	Author = {Besag, Julian},
	Journal = {Journal of the Royal Statistical Society. Series B (Methodological)},
	Number = {2},
	Pages = {192--236},
	Title = {{Spatial Interaction and the Statistical Analysis of Lattice Systems}},
	Volume = {36},
	Year = {1974}}

@article{Besag1994,
	Author = {Besag, Julian},
	Journal = {The Annals of Statistics},
	Number = {4},
	Pages = {1734--1741},
	Title = {{Discussion: Markov chains for exploring posterior distributions}},
	Volume = {22},
	Year = {1994}}

@techreport{Besag2001,
	Author = {Besag, Julian},
	Institution = {Center for Statistics and the Social Sciences, University of Washington},
	Number = {9},
	Pages = {1--67},
	Publisher = {Citeseer},
	Title = {{Markov chain Monte Carlo for statistical inference}},
	Year = {2001}}

@article{Birnbaum1962,
	Author = {Birnbaum, Allan},
	Journal = {Journal of the American Statistical Association},
	Number = {298},
	Pages = {269--306},
	Publisher = {American Statistical Association},
	Title = {{On the foundations of statistical inference}},
	Volume = {57},
	Year = {1962}}

@article{Blackwell1953,
	Author = {Blackwell, David},
	Journal = {The Annals of Mathematical Statistics},
	Number = {2},
	Pages = {265--272},
	Title = {{Equivalent comparisons of experiments}},
	Volume = {24},
	Year = {1953}}

@article{Blumenthal1981,
	Author = {Blumenthal, Saul and Dahiya, Ram C.},
	Journal = {Journal of the American Statistical Association},
	Number = {376},
	Pages = {903--909},
	Publisher = {American Statistical Association},
	Title = {{Estimating the Binomial parameter n}},
	Volume = {76},
	Year = {1981}}

@article{Booth1995,
	Author = {Booth, James G. and Wood, Andrew T.A.},
	Journal = {Statistics \& Probability Letters},
	Number = {1},
	Pages = {53--61},
	Title = {{An example in which the Lugannani-Rice saddlepoint formula fails}},
	Volume = {23},
	Year = {1995}}

@article{Bozdogan1987,
	Author = {Bozdogan, Hamparsum},
	Journal = {Psychometrika},
	Number = {3},
	Pages = {345--370},
	Publisher = {Springer},
	Title = {{Model selection and Akaike's information criterion (AIC): The general theory and its analytical extensions}},
	Volume = {52},
	Year = {1987}}

@article{Brooks2003,
	Author = {Brooks, S. P. and Giudici, P. and Roberts, Gareth O.},
	Journal = {Journal of the Royal Statistical Society: Series B (Statistical Methodology)},
	Number = {1},
	Pages = {3--39},
	Title = {{Efficient construction of reversible jump Markov chain Monte Carlo proposal distributions (with discussion)}},
	Volume = {65},
	Year = {2003}}

@article{Brown1950,
	Author = {Brown, George W.},
	Journal = {Journal of Clinical Psychology},
	Number = {1},
	Pages = {58--61},
	Title = {{Basic principles for construction and application of discriminators}},
	Volume = {6},
	Year = {1950}}

@article{Buck1996,
	Author = {Buck, Alfred and Westera, Gerrit and VonSchulthess, Gustav K. and Burger, Cyrill},
	Journal = {Journal of Nuclear Medicine},
	Number = {4},
	Pages = {699--705},
	Title = {{Modeling alternatives for cerebral Carbon-11-Iomazenil kinetics}},
	Volume = {37},
	Year = {1996}}

@book{Burnham2002,
	Address = {New York},
	Author = {Burnham, Kenneth P. and Anderson, David R.},
	Edition = {2},
	Publisher = {Springer},
	Title = {{Model Selection and Multimodel Inference: A Practical Information-theoretic Approach}},
	Year = {2002}}

@article{Cappe2004,
	Author = {Capp\'{e}, Olivier and Guillin, A. and Marin, J. M. and Robert, C. P.},
	Journal = {Journal of Computational and Graphical Statistics},
	Number = {4},
	Pages = {907--929},
	Publisher = {American Statistical Association},
	Title = {{Population Monte Carlo}},
	Volume = {13},
	Year = {2004}}

@article{Cappe2007,
	Author = {Capp\'{e}, Olivier and Godsill, Simon J. and Moulines, Eric},
	Journal = {Proceedings of the IEEE},
	Number = {5},
	Pages = {899--924},
	Title = {{An overview of existing methods and recent advances in sequential Monte Carlo}},
	Volume = {95},
	Year = {2007}}

@article{Carlin1995,
	Author = {Carlin, Bradley P. and Chib, Siddhartha},
	Journal = {Journal of the Royal Statistical Society. Series B (Methodological)},
	Number = {3},
	Pages = {473--484},
	Title = {{Bayesian model choice via Markov chain Monte Carlo methods}},
	Volume = {57},
	Year = {1995}}

@article{Carpenter1999,
	Author = {Carpenter, J. and Clifford, P. and Fearnhead, P.},
	Journal = {IEE Proceedings - Radar, Sonar and Navigation},
	Number = {1},
	Pages = {2--7},
	Title = {{Improved particle filter for nonlinear problems}},
	Volume = {146},
	Year = {1999}}

@article{Casella1998,
	Author = {Casella, George and Robert, Christian P.},
	Journal = {Journal of Computational and Graphical Statistics},
	Number = {2},
	Pages = {139--157},
	Publisher = {American Statistical Association, Institute of Mathematical Statistics, and Interface Foundation of America},
	Title = {{Post-processing accept-reject samples: recycling and rescaling}},
	Volume = {7},
	Year = {1998}}

@article{Chan1994,
	Author = {Chan, Kung Sik and Geyer, Charles J.},
	Journal = {The Annals of Statistics},
	Number = {4},
	Pages = {1747--1758},
	Title = {{Discussion: Markov chains for exploring posterior distributions}},
	Volume = {22},
	Year = {1994}}

@article{Chen1995,
	Author = {Chen, Kewei and Reiman, Eric and Lawson, Michael and Feng, Dagan and Huang, Sung-Cheng},
	Journal = {IEEE Transactions on Nuclear Science},
	Number = {6},
	Pages = {2173--2179},
	Title = {{Decay correction methods in dynamic PET studies}},
	Volume = {42},
	Year = {1995}}

@article{Chen2005,
	Author = {Chen, Yuguo and Diaconis, Persi and Holmes, Susan P. and Liu, Jun S.},
	Journal = {Journal of the American Statistical Association},
	Number = {469},
	Pages = {109--120},
	Title = {{Sequential Monte Carlo methods for statistical analysis of tables}},
	Volume = {100},
	Year = {2005}}

@article{Chib1995,
	Author = {Chib, Siddhartha},
	Journal = {Journal of the American Statistical Association},
	Number = {432},
	Pages = {1313--1321},
	Title = {{Marginal likelihood from the Gibbs output}},
	Volume = {90},
	Year = {1995}}

@article{Chib2001,
	Author = {Chib, Siddhartha and Jeliazkov, Ivan},
	Journal = {Journal of the American Statistical Association},
	Number = {453},
	Pages = {270--281},
	Title = {{Marginal likelihood from the Metropolis-Hastings output}},
	Volume = {96},
	Year = {2001}}

@article{Chopin2002,
	Author = {Chopin, Nicolas},
	Journal = {Biometrika},
	Number = {3},
	Pages = {539--552},
	Title = {{A sequential particle filter method for static models}},
	Volume = {89},
	Year = {2002}}

@article{Chopin2004,
	Author = {Chopin, Nicolas},
	Journal = {The Annals of Statistics},
	Number = {6},
	Pages = {2385--2411},
	Title = {{Central limit theorem for sequential Monte Carlo methods and its application to Bayesian inference}},
	Volume = {32},
	Year = {2004}}

@article{Chow1981,
	Author = {Chow, Gregory C.},
	Journal = {Journal of Econometrics},
	Number = {1},
	Pages = {21--33},
	Publisher = {Elsevier},
	Title = {{A comparison of the information and posterior probability criteria for model selection}},
	Volume = {16},
	Year = {1981}}

@book{Claeskens2008,
	Address = {Cambridge},
	Author = {Claeskens, Gerda and Hjort, Nils Lid},
	Publisher = {Cambridge University Press},
	Title = {{Model Selection and Model Averaging}},
	Year = {2008}}

@article{Cowles1996,
	Author = {Cowles, Mary Kathryn and Carlin, Bradley P.},
	Journal = {Journal of the American Statistical Association},
	Number = {434},
	Pages = {883--904},
	Title = {{Markov chain Monte Carlo convergence diagnostics: a comparative review}},
	Volume = {91},
	Year = {1996}}

@article{Cox1987,
	Author = {Cox, D. R. and Reid, N.},
	Journal = {Journal of the Royal Statistical Society. Series B (Methodological)},
	Number = {1},
	Pages = {1--39},
	Publisher = {Blackwell Publishing for the Royal Statistical Society},
	Title = {{Parameter orthogonality and approximate conditional inference}},
	Volume = {49},
	Year = {1987}}

@article{Cunningham1991,
	Author = {Cunningham, Vincent J. and Hume, Susan P. and Price, Gary R. and Ahier, Randall G. and Cremer, Jill E. and Jones, Anthony K. P.},
	Journal = {Journal of Cerebral Blood Flow \& Metabolism},
	Number = {1},
	Pages = {1--9},
	Publisher = {International Society for Cerebral Blood Flow \& Metabolism, Inc.},
	Title = {{Compartmental analysis of diprenorphine binding to opiate receptors in the rat in vivo and its comparison with equilibrium data in vitro}},
	Volume = {11},
	Year = {1991}}

@article{Daniels1987,
	Author = {Daniels, H. E.},
	Journal = {International Statistical Review},
	Number = {1},
	Pages = {37--48},
	Title = {{Tail probability approximations}},
	Volume = {55},
	Year = {1987}}

@article{Davis1993,
	Author = {Davis, Charles S.},
	Journal = {Computational Statistics \& Data Analysis},
	Number = {2},
	Pages = {205--217},
	Title = {{The computer generation of multinomial random variates}},
	Volume = {16},
	Year = {1993}}

@article{DelMoral2006,
	Author = {{Del Moral}, Pierre and Doucet, Arnaud and Jasra, Ajay},
	Journal = {Journal of the Royal Statistical Society: Series B (Statistical Methodology)},
	Number = {3},
	Pages = {411--436},
	Title = {{Sequential Monte Carlo samplers}},
	Volume = {68},
	Year = {2006}}

@unpublished{DelMoral2009,
	Author = {{Del Moral}, Pierre and Doucet, Arnaud},
	Pages = {49},
	Publisher = {Citeseer},
	Title = {{Particle methods: An introduction with applications}},
	Year = {2009}}

@article{DeRiggi1983,
	Author = {DeRiggi, Dennis F.},
	Journal = {Journal of the American Statistical Association},
	Number = {381},
	Pages = {181--183},
	Publisher = {American Statistical Association},
	Title = {{Unimodality of likelihood functions for the Binomial distribution}},
	Volume = {78},
	Year = {1983}}

@article{Doss1994,
	Author = {Doss, Hani},
	Journal = {The Annals of Statistics},
	Number = {4},
	Pages = {1728--1734},
	Title = {{Discussion: Markov chains for exploring posterior distributions}},
	Volume = {22},
	Year = {1994}}

@incollection{Douc2005,
	Author = {Douc, Randal and Capp\'{e}, Olivier},
	Booktitle = {Proceedings of the 4th International Symposium on Image and Signal Processing and Analysis, 2005.},
	Pages = {64--69},
	Publisher = {IEEE},
	Title = {{Comparison of resampling schemes for particle filtering}},
	Year = {2005}}

@article{Doucet2000,
	Author = {Doucet, Arnaud and Godsill, Simon and Andrieu, Christophe},
	Journal = {Statistics and Computing},
	Number = {3},
	Pages = {197--208},
	Publisher = {Springer},
	Title = {{On sequential Monte Carlo sampling methods for Bayesian filtering}},
	Volume = {10},
	Year = {2000}}

@article{Doucet2006,
	Author = {Doucet, Arnaud and Briers, Mark and S\'{e}n\'{e}cal, St\'{e}phane},
	Journal = {Journal of Computational and Graphical Statistics},
	Number = {3},
	Pages = {693--711},
	Publisher = {American Statistical Association},
	Title = {{Efficient block sampling strategies for sequential Monte Carlo methods}},
	Volume = {15},
	Year = {2006}}

@techreport{Doucet2009,
	Author = {Doucet, Arnaud and Johansen, Aadm M.},
	Booktitle = {Handbook of Nonlinear Filtering},
	Number = {December},
	Publisher = {Citeseer},
	Title = {{A tutorial on particle filtering and smoothing: Fifteen years later}},
	Year = {2009}}

@book{Durrett2010,
	Address = {New York},
	Author = {Durrett, Rick},
	Edition = {4},
	Publisher = {Cambridge University Press},
	Title = {{Probability: Theory and Examples}},
	Year = {2010}}

@article{Eddy1980,
	Author = {Eddy, William F.},
	Journal = {The Annals of Statistics},
	Number = {4},
	Pages = {870--882},
	Title = {{Optimum kernel estimators of the mode}},
	Volume = {8},
	Year = {1980}}

@article{Epanechnikov1969,
	Author = {Epanechnikov, V. A.},
	Journal = {Theory of Probability and its Applications},
	Pages = {153},
	Title = {{Non-parametric estimation of a multivariate probability density}},
	Volume = {14},
	Year = {1969}}

@article{Evans1995,
	Author = {Evans, Michael and Swartz, Tim},
	Journal = {Statistical Science},
	Number = {3},
	Pages = {254--272},
	Publisher = {Institute of Mathematical Statistics},
	Title = {{Methods for approximating integrals in statistics with special emphasis on Bayesian integration problems}},
	Volume = {10},
	Year = {1995}}

@article{Fan2008,
	Author = {Fan, Y. and Leslie, D.S. and Wand, M.P.},
	Journal = {Electronic Journal of Statistics},
	Pages = {916--938},
	Title = {{Generalised linear mixed model analysis via sequential Monte Carlo sampling}},
	Volume = {2},
	Year = {2008}}

@article{Fearnhead2004a,
	Author = {Fearnhead, Paul},
	Journal = {Statistics and Computing},
	Number = {1},
	Pages = {11--21},
	Title = {{Particle filters for mixture models with an unknown number of components}},
	Volume = {14},
	Year = {2004}}

@article{Folks1978,
	Author = {Folks, J. L. and Chhikara, R. S.},
	Journal = {Journal of the Royal Statistical Society. Series B (Methodological)},
	Number = {3},
	Pages = {263--289},
	Title = {{The inverse Gaussian distribution and its statistical application--a review}},
	Volume = {40},
	Year = {1978}}

@article{Gelfand1990,
	Author = {Gelfand, Alan E. and Smith, Adrian F. M.},
	Journal = {Journal of the American Statistical Association},
	Number = {410},
	Pages = {398--409},
	Title = {{Sampling-based approaches to calculating marginal densities}},
	Volume = {85},
	Year = {1990}}

@article{Gelfand1994,
	Author = {Gelfand, Alan E. and Dey, Dipak K.},
	Journal = {Journal of the Royal Statistical Society. Series B (Methodological)},
	Number = {3},
	Pages = {501--514},
	Publisher = {Blackwell Publishing for the Royal Statistical Society},
	Title = {{Bayesian model choice: asymptotics and exact calculations}},
	Volume = {56},
	Year = {1994}}

@article{Gelman1998,
	Author = {Gelman, Andrew and Meng, Xiao-Li},
	Journal = {Statistical Science},
	Number = {2},
	Pages = {163--185},
	Title = {{Simulating normalizing constants: from importance sampling to bridge sampling to path sampling}},
	Volume = {13},
	Year = {1998}}

@article{Geman1993,
	Author = {Geman, Stuart and Geman, Donald},
	Journal = {Journal of Applied Statistics},
	Number = {5},
	Pages = {25--62},
	Title = {{Stochastic relaxation, Gibbs distributions and the Bayesian restoration of images}},
	Volume = {20},
	Year = {1993}}

@article{Geweke1989,
	Author = {Geweke, John},
	Journal = {Econometrica: Journal of the Econometric Society},
	Number = {6},
	Pages = {1317--1339},
	Title = {{Bayesian inference in econometric models using Monte Carlo integration}},
	Volume = {57},
	Year = {1989}}

@article{Gilks1998,
	Author = {Gilks, Walter R. and Roberts, Gareth O. and Sahu, Sujit K.},
	Journal = {Journal of the American Statistical Association},
	Number = {443},
	Pages = {1045},
	Title = {{Adaptive Markov chain Monte Carlo through regeneration}},
	Volume = {93},
	Year = {1998}}

@article{Givens1996,
	Author = {Givens, Geof H. and Raftery, Adrian E.},
	Journal = {Journal of the American Statistical Association},
	Number = {433},
	Pages = {132--141},
	Publisher = {American Statistical Association},
	Title = {{Local adaptive importance sampling for multivariate densities with strong nonlinear relationships}},
	Volume = {91},
	Year = {1996}}

@article{Givens1996a,
	Author = {Givens, Geof H. and Raftery, Adrian E.},
	Journal = {Journal of the American Statistical Association},
	Number = {433},
	Pages = {132--141},
	Title = {{Local adaptive importance sampling for multivariate densities with strong nonlinear relationships}},
	Volume = {91},
	Year = {1996}}

@article{Golightly2008,
	Author = {Golightly, A. and Wilkinson, D. J.},
	Journal = {Computational Statistics \& Data Analysis},
	Number = {3},
	Pages = {1674--1693},
	Title = {{Bayesian inference for nonlinear multivariate diffusion models observed with error}},
	Volume = {52},
	Year = {2008}}

@article{Green1995,
	Author = {Green, Peter J.},
	Journal = {Biometrika},
	Number = {4},
	Pages = {711--732},
	Title = {{Reversible jump Markov chain Monte Carlo computation and Bayesian model determination}},
	Volume = {82},
	Year = {1995}}

@misc{Green2009,
	Author = {Green, Peter J. and Hastie, David I.},
	Title = {{Reversible jump MCMC}},
	Year = {2009}}

@article{Green2011,
	Author = {Green, Peter J. and Mira, Antonietta},
	Journal = {Biometrika},
	Number = {4},
	Pages = {1035--1053},
	Title = {{Delayed rejection in reversible jump Metropolis-Hastings}},
	Volume = {88},
	Year = {2011}}

@article{Gunn2001,
	Author = {Gunn, Roger N. and Gunn, Steve R. and Cunningham, Vincent J.},
	Journal = {Journal of Cerebral Blood Flow \& Metabolism},
	Number = {6},
	Pages = {635--652},
	Title = {{Positron emission tomography compartmental models}},
	Volume = {21},
	Year = {2001}}

@article{Gunn2002,
	Author = {Gunn, Roger N. and Gunn, Steve R. and Turkheimer, Federico E. and Aston, John A. D. and Cunningham, Vincent J.},
	Journal = {Journal of Cerebral Blood Flow \& Metabolism},
	Number = {12},
	Pages = {1425--1439},
	Title = {{Positron emission tomography compartmental models: a basis pursuit strategy for kinetic modeling}},
	Volume = {22},
	Year = {2002}}

@article{Gustafsson2010,
	Author = {Gustafsson, Fredrik},
	Journal = {IEEE Aerospace and Electronic Systems Magazine},
	Number = {7},
	Pages = {53--82},
	Title = {{Particle filter theory and practice with positioning applications}},
	Volume = {25},
	Year = {2010}}

@article{Haario1999,
	Author = {Haario, Heikki and Saksman, Eero and Tamminen, Johanna},
	Journal = {Computational Statistics},
	Number = {3},
	Pages = {375},
	Title = {{Adaptive proposal distribution for random walk Metropolis algorithm}},
	Volume = {14},
	Year = {1999}}

@article{Haario2001,
	Author = {Haario, Heikki and Saksman, Eero and Tamminen, Johanna},
	Journal = {Bernoulli},
	Number = {2},
	Pages = {223},
	Title = {{An Adaptive Metropolis Algorithm}},
	Volume = {7},
	Year = {2001}}

@article{Halmos1949,
	Author = {Halmos, Paul R. and Savage, L. J.},
	Journal = {The Annals of Mathematical Statistics},
	Number = {2},
	Pages = {225--241},
	Title = {{Application of the Radon-Nikodym theorem to the theory of sufficient statistics}},
	Volume = {20},
	Year = {1949}}

@article{Hamilton1995,
	Author = {Hamilton, David C. and Lesperance, Mary L.},
	Journal = {Technometrics},
	Number = {3},
	Pages = {329--339},
	Publisher = {American Statistical Association and American Society for Quality},
	Title = {{A comparison of methods for univariate and multivariate acceptance sampling by variables}},
	Volume = {37},
	Year = {1995}}

@article{Han2001,
	Author = {Han, Cong and Carlin, Bradley P.},
	Journal = {Journal of the American Statistical Association},
	Number = {455},
	Pages = {1122--1132},
	Title = {{Markov chain Monte Carlo methods for computing Bayes factors: A comparative review}},
	Volume = {96},
	Year = {2001}}

@article{Hastie1987,
	Author = {Hastie, Trevor},
	Journal = {The American Statistician},
	Number = {1},
	Pages = {16--20},
	Title = {{A closer look at the deviance}},
	Volume = {41},
	Year = {1987}}

@phdthesis{Hastie2005,
	Author = {Hastie, David},
	Booktitle = {Review Literature And Arts Of The Americas},
	Number = {March},
	Publisher = {Citeseer},
	Title = {{Towards automatic reversible jump Markov chain Monte Carlo}},
	Year = {2005}}

@article{Hastings1970,
	Author = {Hastings, W. Keith},
	Journal = {Biometrika},
	Number = {1},
	Pages = {97--109},
	Title = {{Monte Carlo sampling methods using Markov chains and their applications}},
	Volume = {57},
	Year = {1970}}

@article{Hawkins1986,
	Author = {Hawkins, Randall A. and Phelps, Michael E. and Huang, Sung-Cheng},
	Journal = {Journal of Cerebral Blood Flow \& Metabolism},
	Number = {2},
	Pages = {170--183},
	Publisher = {International Society for Cerebral Blood Flow \& Metabolism, Inc.},
	Title = {{Effects of temporal sampling, glucose metabolic rates, and disruptions of the blood-brain barrier on the FDG model with and without a vascular compartment: studies in human brain tumors with PET}},
	Volume = {6},
	Year = {1986}}

@article{Heidelberger1981,
	Author = {Heidelberger, Philip and Welch, Peter D.},
	Journal = {Communications of the ACM},
	Number = {4},
	Pages = {233--245},
	Title = {{A spectral method for confidence interval generation and run length control in simulations}},
	Volume = {24},
	Year = {1981}}

@incollection{Heikkinen2003,
	Author = {Heikkinen, Juha},
	Booktitle = {Highly Structured Stochastic Systems},
	Chapter = {6B},
	Editor = {Green, Peter J. and Hjort, Nils Lid and Richardson, Sylvia},
	Pages = {203--206},
	Publisher = {Oxford University Press},
	Title = {{Trans-dimensional Bayesian non-parametrics with spatial point processes}},
	Year = {2003}}

@article{Hesterberg1995,
	Author = {Hesterberg, Tim},
	Journal = {Technometrics},
	Number = {2},
	Pages = {185--194},
	Title = {{Weighted average importance sampling and defensive mixture distributions}},
	Volume = {37},
	Year = {1995}}

@article{Hume1992,
	Author = {Hume, Susan P. and Myers, Ralph and Bloomfield, Peter M. and Opacka-Juffry, Jolanta and Cremer, Jill E. and Ahier, Randall G. and Luthra, Sajinda K. and Brooks, David J. and Lammertsma, Adriaan A.},
	Journal = {Synapse},
	Number = {1},
	Pages = {47--54},
	Title = {{Quantitation of Carbon-11-labeled raclopride in rat striatum using positron emission tomography.}},
	Volume = {12},
	Year = {1992}}

@article{Hurvich1989,
	Author = {Hurvich, Clifford M. and Tsai, Chin-ling},
	Journal = {Biometrika},
	Number = {2},
	Pages = {297--307},
	Title = {{Regression and time series model selection in small samples}},
	Volume = {76},
	Year = {1989}}

@article{Huzurbazar1999,
	Author = {Huzurbazar, S.},
	Journal = {The American Statistician},
	Number = {3},
	Pages = {225--232},
	Title = {{Practical saddlepoint approximations}},
	Volume = {53},
	Year = {1999}}

@article{Jasra2008,
	Author = {Jasra, Ajay and Doucet, Arnaud and Stephens, David A. and Holmes, Christopher C.},
	Journal = {Computational Statistics \& Data Analysis},
	Number = {4},
	Pages = {1765--1791},
	Title = {{Interacting sequential Monte Carlo samplers for trans-dimensional simulation}},
	Volume = {52},
	Year = {2008}}

@incollection{Jeffreys1946,
	Author = {Jeffreys, Harold},
	Booktitle = {Proceedings of the Royal Society of London. Series A, Mathematical and Physical Sciences},
	Number = {1007},
	Pages = {453--461},
	Publisher = {The Royal Society},
	Title = {{An invariant form for the prior probability in estimation problems}},
	Volume = {186},
	Year = {1946}}

@book{Jeffreys1961,
	Author = {Jeffreys, Harold},
	Edition = {3},
	Publisher = {Clarendon Press},
	Title = {{Theory of Probability}},
	Year = {1961}}

@article{Jiang2009,
	Author = {Jiang, Ci-Ren and Aston, John A. D. and Wang, Jane-Ling},
	Journal = {NeuroImage},
	Number = {1},
	Pages = {184--193},
	Publisher = {Elsevier Inc.},
	Title = {{Smoothing dynamic positron emission tomography time courses using functional principal components}},
	Volume = {47},
	Year = {2009}}

@article{Johansen2007,
	Author = {Johansen, Adam M. and Doucet, Arnaud and Davy, Manuel},
	Journal = {Statistics and Computing},
	Number = {1},
	Pages = {47--57},
	Title = {{Particle methods for maximum likelihood estimation in latent variable models}},
	Volume = {18},
	Year = {2007}}

@article{Johansen2009,
	Author = {Johansen, Adam M.},
	Journal = {Journal of Statistical Software},
	Number = {6},
	Publisher = {University of California, Los Angeles},
	Title = {{SMCTC: sequential Monte Carlo in C++}},
	Volume = {30},
	Year = {2009}}

@article{Jones1993,
	Author = {Jones, D. R. and Perttunen, C. D. and Stuckman, B. E.},
	Journal = {Journal of Optimization Theory and Applications},
	Number = {1},
	Pages = {157--181},
	Publisher = {Springer Netherlands},
	Title = {{Lipschitzian optimization without the Lipschitz constant}},
	Volume = {79},
	Year = {1993}}

@article{Kac1949,
	Author = {Kac, M.},
	Journal = {Transactions of the American Mathematical Society},
	Number = {1},
	Pages = {1--13},
	Title = {{On distributions of certain Wiener functionals}},
	Volume = {65},
	Year = {1949}}

@article{Kalogeropoulos2010,
	Author = {Kalogeropoulos, Konstantinos and Roberts, Gareth O. and Dellaportas, Petros},
	Journal = {The Annals of Statistics},
	Number = {2},
	Pages = {784--807},
	Title = {{Inference for stochastic volatility models using time change transformations}},
	Volume = {38},
	Year = {2010}}

@article{Kang2011,
	Author = {Kang, Jian and Johnson, Timothy D. and Nichols, Thomas E. and Wager, Tor D.},
	Journal = {Journal of the American Statistical Association},
	Number = {493},
	Pages = {124--134},
	Title = {{Meta Analysis of Functional Neuroimaging Data via Bayesian Spatial Point Processes.}},
	Volume = {106},
	Year = {2011}}

@article{Kass1992,
	Author = {Kass, Robert E. and Vaidyanathan, Suresh K.},
	Journal = {Journal of the Royal Statistical Society. Series B (Methodological)},
	Number = {1},
	Pages = {129--144},
	Title = {{Approximate Bayes factors and orthogonal parameters, with application to testing equality of two binomial proportions}},
	Volume = {54},
	Year = {1992}}

@article{Kass1993,
	Author = {Kass, Robert E.},
	Journal = {Journal of the Royal Statistical Society. Series D (The Statistician)},
	Number = {5},
	Pages = {551--560},
	Publisher = {Blackwell Publishing for the Royal Statistical Society},
	Title = {{Bayes factors in practice}},
	Volume = {42},
	Year = {1993}}

@article{Kass1995,
	Author = {Kass, Robert E. and Raftery, Adrian E.},
	Journal = {Journal of the American Statistical Association},
	Number = {430},
	Pages = {773--795},
	Title = {{Bayes factors}},
	Volume = {90},
	Year = {1995}}

@article{Kass1996,
	Author = {Kass, Robert E. and Wasserman, Larry},
	Journal = {Journal of the American Statistical Association},
	Number = {435},
	Pages = {1343--1370},
	Title = {{The selection of prior distributions by formal rules}},
	Volume = {91},
	Year = {1996}}

@article{Kinahan1989,
	Author = {Kinahan, P.E. and Rogers, J.G.},
	Journal = {IEEE Transactions on Nuclear Science},
	Number = {1},
	Pages = {964--968},
	Title = {{Analytic 3D image reconstruction using all detected events}},
	Volume = {36},
	Year = {1989}}

@article{Kinderman1977,
	Author = {Kinderman, A. J. and Monahan, J. F.},
	Journal = {ACM Transactions on Mathematical Software},
	Number = {3},
	Pages = {257--260},
	Publisher = {ACM},
	Title = {{Computer generation of random variables using the ratio of uniform deviates}},
	Volume = {3},
	Year = {1977}}

@article{Kitagawa1996,
	Author = {Kitagawa, Genshiro},
	Journal = {Journal of Computational and Graphical Statistics},
	Number = {1},
	Pages = {1--25},
	Publisher = {American Statistical Association, Institute of Mathematical Statistics, and Interface Foundation of America},
	Title = {{Monte Carlo filter and smoother for non-Gaussian nonlinear state space models}},
	Volume = {5},
	Year = {1996}}

@article{Kullback1951,
	Author = {Kullback, S. and Leibler, R. A.},
	Journal = {The Annals of Mathematical Statistics},
	Number = {1},
	Pages = {79--86},
	Publisher = {Institute of Mathematical Statistics},
	Title = {{On information and sufficiency}},
	Volume = {22},
	Year = {1951}}

@article{Lammertsma1996,
	Author = {Lammertsma, Adriaan A. and Hume, Susan P.},
	Journal = {NeuroImage},
	Number = {3 Pt 1},
	Pages = {153--8},
	Title = {{Simplified reference tissue model for PET receptor studies.}},
	Volume = {4},
	Year = {1996}}

@article{Lecuyer2002,
	Author = {L'ecuyer, Pierre and Simard, Richard and Chen, E. Jack and Kelton, W. David},
	Journal = {Operations Research},
	Number = {6},
	Pages = {1073--1075},
	Title = {{An object-oriented random-number package with many long streams and substreams}},
	Volume = {50},
	Year = {2002}}

@article{Lee2010,
	Author = {Lee, Anthony and Yau, Christopher and Giles, Michael B. and Doucet, Arnaud and Holmes, Christopher C.},
	Journal = {Journal of Computational and Graphical Statistics},
	Number = {4},
	Pages = {769--789},
	Title = {{On the utility of graphics cards to perform massively parallel simulation of advanced Monte Carlo methods}},
	Volume = {19},
	Year = {2010}}

@book{Lehmann2005,
	Address = {New York},
	Author = {Lehmann, E. L. and Romano, Joseph P.},
	Publisher = {Springer Verlag},
	Title = {{Testing Statistical Hypotheses}},
	Year = {2005}}

@article{Leva1992,
	Author = {Leva, Joseph L.},
	Journal = {ACM Transactions on Mathematical Software},
	Number = {4},
	Pages = {449--453},
	Publisher = {ACM},
	Title = {{A fast normal random number generator}},
	Volume = {18},
	Year = {1992}}

@book{Linhart1986,
	Address = {New York},
	Author = {Linhart, H. and Zucchini, W.},
	Publisher = {John Wiley \& Sons, Inc.},
	Title = {{Model Selection}},
	Year = {1986}}

@article{Liu1998,
	Author = {Liu, Jun S. and Chen, Rong},
	Journal = {Journal of the American Statistical Association},
	Number = {443},
	Pages = {1032--1044},
	Title = {{Sequential Monte Carlo methods for dynamic systems}},
	Volume = {93},
	Year = {1998}}

@article{Logan2000,
	Author = {Logan, Jean},
	Journal = {Nuclear Medicine and Biology},
	Number = {7},
	Pages = {661--670},
	Title = {{Graphical analysis of PET data applied to reversible and irreversible tracers}},
	Volume = {27},
	Year = {2000}}

@article{Lugannani1980,
	Author = {Lugannani, Robert and Rice, Stephen},
	Journal = {Advances in Applied Probability},
	Number = {2},
	Pages = {475--490},
	Title = {{Saddle point approximation for the distribution of the sum of indpendent random variables}},
	Volume = {12},
	Year = {1980}}

@article{Mankoff1998,
	Author = {Mankoff, David A. and Shields, Anthony F. and Graham, Michael M. and Link, Jeanne M. and Eary, Janet F. and Krohn, Kenneth A.},
	Journal = {The Journal of Nuclear Medicine},
	Number = {6},
	Pages = {1043--1055},
	Title = {{Kinetic analysis of 2-[Carbon-11]Thymidine PET imaging studies: Compartmental model and mathematical analysis}},
	Volume = {39},
	Year = {1998}}

@article{Marron1989,
	Author = {Marron, J. S. and Nolan, D.},
	Journal = {Statistics \& Probability Letters},
	Number = {3},
	Pages = {195--199},
	Publisher = {Elsevier},
	Title = {{Canonical kernels for density estimation}},
	Volume = {7},
	Year = {1989}}

@article{Marsaglia2000,
	Author = {Marsaglia, George and wan Tsang, Wai},
	Journal = {ACM Transactions on Mathematical Software},
	Number = {3},
	Pages = {363--372},
	Title = {{A simple method for generating gamma variables}},
	Volume = {26},
	Year = {2000}}

@article{McCulloch1991,
	Author = {McCulloch, Robert and Rossi, Peter E.},
	Journal = {Journal of Econometrics},
	Number = {1-2},
	Pages = {141--168},
	Title = {{A Bayesian approach to testing the arbitrage pricing theory}},
	Volume = {49},
	Year = {1991}}

@article{Meng1996,
	Author = {Meng, Xiao-Li and Wong, Wing Hung},
	Journal = {Statistica Sinica},
	Pages = {831--860},
	Title = {{Simulating ratios of normalizing constants via a simple identity: A theoretical exploration}},
	Volume = {6},
	Year = {1996}}

@article{Mengersen1996,
	Author = {Mengersen, K. L. and Tweedie, R. L.},
	Journal = {The Annals of Statistics},
	Number = {1},
	Pages = {101--121},
	Title = {{Rates of convergence of the Hastings and Metropolis algorithms}},
	Volume = {24},
	Year = {1996}}

@article{Metropolis1953,
	Author = {Metropolis, Nicholas and Rosenbluth, Arianna W. and Rosenbluth, Marshall N. and Teller, Augusta H. and Teller, Edward},
	Journal = {The Journal of Chemical Physics},
	Number = {6},
	Pages = {1087--1092},
	Title = {{Equation of state calculations by fast computing machines}},
	Volume = {21},
	Year = {1953}}

@article{Mintun1984,
	Author = {Mintun, Mark A. and Raichle, Marcus E. and Kilbourn, Michael R. and Wooten, G. Frederick and Welch, Michael J.},
	Journal = {Annals of Neurology},
	Number = {3},
	Pages = {217--27},
	Title = {{A quantitative model for the in vivo assessment of drug binding sites with positron emission tomography.}},
	Volume = {15},
	Year = {1984}}

@article{Muller1984,
	Author = {Muller, Hans-Georg},
	Journal = {The Annals of Statistics},
	Number = {2},
	Pages = {766--774},
	Title = {{Smooth optimum kernel estimators of densities, regression curves and modes}},
	Volume = {12},
	Year = {1984}}

@article{Nadaraya1964,
	Author = {Nadaraya, E. A.},
	Journal = {Theory of Probability and its Applications},
	Pages = {141--142},
	Title = {{On estimating regression}},
	Volume = {9},
	Year = {1964}}

@article{Neal2001,
	Author = {Neal, Radford M.},
	Journal = {Statistics and Computing},
	Number = {2},
	Pages = {125--139},
	Title = {{Annealed importance sampling}},
	Volume = {11},
	Year = {2001}}

@article{Nelder1965,
	Author = {Nelder, J. A. and Mead, R.},
	Journal = {The Computer Journal},
	Number = {4},
	Pages = {308--313},
	Title = {{A simplex method for function minimization}},
	Volume = {7},
	Year = {1965}}

@article{Newton1994,
	Author = {Newton, Michael A. and Raftery, Adrian E.},
	Journal = {Journal of the Royal Statistical Society. Series B (Methodological)},
	Number = {1},
	Pages = {3--48},
	Publisher = {Blackwell Publishing for the Royal Statistical Society},
	Title = {{Approximate Bayesian inference with the weighted likelihood bootstrap}},
	Volume = {56},
	Year = {1994}}

@book{Norris1997,
	Address = {New York},
	Author = {Norris, James R.},
	Publisher = {Cambridge University Press},
	Title = {{Markov Chains}},
	Year = {1997}}

@article{Oh1993,
	Author = {Oh, Man-Suk and Berger, James O.},
	Journal = {Journal of the American Statistical Association},
	Number = {422},
	Pages = {450--456},
	Publisher = {American Statistical Association},
	Title = {{Integration of multimodal functions by Monte Carlo importance sampling}},
	Volume = {88},
	Year = {1993}}

@article{Olkin1981,
	Author = {Olkin, Ingram and Petkau, A. John and Zidek, James V.},
	Journal = {Journal of the American Statistical Association},
	Number = {375},
	Pages = {637--642},
	Publisher = {American Statistical Association},
	Title = {{A comparison of n estimators for the Binomial distribution}},
	Volume = {76},
	Year = {1981}}

@article{Owen2000,
	Author = {Owen, Art and Zhou, Yi},
	Journal = {Journal of the American Statistical Association},
	Number = {449},
	Pages = {135--143},
	Title = {{Safe and effective importance sampling}},
	Volume = {95},
	Year = {2000}}

@article{Parzen1962,
	Author = {Parzen, Emanuel},
	Journal = {The annals of mathematical statistics},
	Number = {3},
	Pages = {1065--1076},
	Title = {{On estimation of a probability density function and mode}},
	Volume = {33},
	Year = {1962}}

@article{Peng2008,
	Author = {Peng, Jyh-Ying and Aston, John A. D. and Gunn, Roger N. and Liou, Cheng-Yuan and Ashburner, John},
	Journal = {IEEE Transactions on Medical Imaging},
	Number = {9},
	Pages = {1356--69},
	Title = {{Dynamic positron emission tomography data-driven analysis using sparse Bayesian learning}},
	Volume = {27},
	Year = {2008}}

@incollection{Phelps2000,
	Author = {Phelps, Michael E.},
	Booktitle = {Proceedings of the National Academy of Sciences},
	Number = {16},
	Pages = {9226--9233},
	Title = {{Positron emission tomography provides molecular imaging of biological processes}},
	Volume = {97},
	Year = {2000}}

@article{Raftery1996,
	Author = {Raftery, Adrian E.},
	Journal = {Biometrika},
	Number = {2},
	Pages = {251--266},
	Title = {{Approximate Bayes factors and accounting for model uncertainty in generalised linear models}},
	Volume = {83},
	Year = {1996}}

@incollection{Raftery2006,
	Author = {Raftery, Adrian E. and Newton, Michael A. and Satagopan, Jaya M. and Krivisky, Pavel N.},
	Booktitle = {Bayesian Statistics},
	Editor = {Bernardo, Jos\'{e} M. and Berger, James O. and Dawid, A. P. and Smith, Adrian F. M.},
	Organization = {Department of Statistics, University of Washington},
	Pages = {1--45},
	Publisher = {Oxford University Press},
	Title = {{Estimating the integrated likelihood via posterior simulaiton using the harmonic mean identity (with discussions)}},
	Volume = {8},
	Year = {2006}}

@article{Richard2007,
	Author = {Richard, Jean-Francois and Zhang, Wei},
	Journal = {Journal of Econometrics},
	Number = {2},
	Pages = {1385--1411},
	Title = {{Efficient high-dimensional importance sampling}},
	Volume = {141},
	Year = {2007}}

@article{Richardson1997,
	Author = {Richardson, Sylvia and Green, Peter J.},
	Journal = {Journal of the Royal Statistical Society: Series B (Statistical Methodology)},
	Number = {4},
	Pages = {731--792},
	Title = {{On Bayesian analysis of mixtures with an unknown number of components (with discussion)}},
	Volume = {59},
	Year = {1997}}

@article{Richardson1997a,
	Author = {Richardson, Sylvia and Green, Peter J.},
	Journal = {Journal of the Royal Statistical Society. Series B (Methodological)},
	Number = {4},
	Pages = {731--792},
	Title = {{On Bayesian analysis of mixtures with an unknown number of components (with discussion)}},
	Volume = {59},
	Year = {1997}}

@article{Ridgeway2003a,
	Author = {Ridgeway, Greg and Madigan, David},
	Journal = {Data Mining and Knowledge Discovery},
	Number = {3},
	Pages = {301--319},
	Title = {{A sequential Monte Carlo method for Bayesian analysis of massive datasets.}},
	Volume = {7},
	Year = {2003}}

@article{Robert1994,
	Author = {Robert, Christian P.},
	Journal = {The Annals of Statistics},
	Number = {4},
	Pages = {1742--1747},
	Title = {{Discussion: Markov chains for exploring posterior distributions}},
	Volume = {22},
	Year = {1994}}

@article{Robert1995,
	Author = {Robert, Christian P.},
	Journal = {Statistical Science},
	Number = {3},
	Pages = {231--253},
	Title = {{Convergence control methods for Markov chain Monte Carlo algorithms}},
	Volume = {10},
	Year = {1995}}

@book{Robert2004,
	Address = {New York},
	Author = {Robert, Christian P. and Casella, George},
	Publisher = {Springer},
	Title = {{Monte Carlo Statistical Methods}},
	Year = {2004}}

@book{Robert2007,
	Address = {New York},
	Author = {Robert, Christian P.},
	Edition = {2},
	Publisher = {Springer},
	Title = {{The Bayesian Choice: From Decision-theoretic Foundations to Computational Implementation}},
	Year = {2007}}

@article{Roberts1996,
	Author = {Roberts, Gareth O. and Tweedie, R. L.},
	Journal = {Biometrika},
	Number = {1},
	Pages = {95},
	Publisher = {Biometrika Trust},
	Title = {{Geometric convergence and central limit theorems for multidimensional Hastings and Metropolis}},
	Volume = {83},
	Year = {1996}}

@article{Roberts1997,
	Author = {Roberts, Gareth O. and Gelman, A. and Gilks, Walter R.},
	Journal = {The Annals of Applied Probability},
	Number = {1},
	Pages = {110--120},
	Publisher = {Institute of Mathematical Statistics},
	Title = {{Weak convergence and optimal scaling of random walk Metropolis algorithms}},
	Volume = {7},
	Year = {1997}}

@article{Roberts2002,
	Author = {Roberts, Gareth O. and Rosenthal, Jeffery S.},
	Journal = {Stochastic models},
	Number = {2},
	Pages = {257--280},
	Publisher = {Taylor \& Francis},
	Title = {{The polar slice sampler}},
	Volume = {18},
	Year = {2002}}

@article{Ronchetti1997,
	Author = {Ronchetti, Elvezio},
	Journal = {Statistica Sinica},
	Pages = {327--338},
	Title = {{Robustness aspects of model choice}},
	Volume = {7},
	Year = {1997}}

@book{Rudin1987,
	Author = {Rudin, Walter},
	Edition = {3},
	Publisher = {McGraw-Hill},
	Title = {{Real and Complex Analysis}},
	Year = {1987}}

@article{Ruppert1994,
	Author = {Ruppert, D. and Wand, M. P.},
	Journal = {The annals of statistics},
	Number = {3},
	Pages = {1346--1370},
	Title = {{Multivariate locally weighted least squares regression}},
	Volume = {22},
	Year = {1994}}

@article{Sacks1981,
	Author = {Sacks, Jermoe and Ylvisaker, Donald},
	Journal = {The Annals of Statistics},
	Number = {2},
	Pages = {334--346},
	Title = {{Asymptotically optimum kernels for density estimation at a point}},
	Volume = {9},
	Year = {1981}}

@article{Samiuddin1990,
	Author = {Samiuddin, M. and El-Sayyad, G. M.},
	Journal = {Biometrika},
	Number = {4},
	Pages = {865},
	Publisher = {Biometrika Trust},
	Title = {{On nonparametric kernel density estimates}},
	Volume = {77},
	Year = {1990}}

@article{Sawa1978,
	Author = {Sawa, Takamitsu},
	Journal = {Econometrica: Journal of the Econometric Society},
	Number = {6},
	Pages = {1273--1291},
	Title = {{Information criteria for discriminating among alternative regression models}},
	Volume = {46},
	Year = {1978}}

@article{Schwarz1978,
	Author = {Schwarz, Gideon},
	Journal = {The Annals of Statistics},
	Number = {2},
	Pages = {461--464},
	Publisher = {Institute of Mathematical Statistics},
	Title = {{Estimating the dimension of a model}},
	Volume = {6},
	Year = {1978}}

@incollection{Shibata1989,
	Address = {New York},
	Author = {Shibata, R.},
	Booktitle = {From Data to Model},
	Editor = {Willems, Jan Camiel},
	Pages = {215--240},
	Publisher = {SPringer-Verlag},
	Title = {{Statistical aspects of model selection}},
	Year = {1989}}

@article{Shuster1968,
	Author = {Shuster, Jonathan},
	Journal = {Journal of the American Statistical Association},
	Number = {324},
	Pages = {1514--1516},
	Title = {{On the inverse Gaussian distribution function}},
	Volume = {63},
	Year = {1968}}

@article{Sisson2007a,
	Author = {Sisson, S a and Fan, Y and Tanaka, Mark M},
	Journal = {Proceedings of the National Academy of Sciences of the United States of America},
	Number = {6},
	Pages = {1760--1765},
	Title = {{Sequential Monte Carlo without likelihoods}},
	Volume = {104},
	Year = {2007}}

@misc{Spiegelhalter1998,
	Author = {Spiegelhalter, David J. and Best, Nicola G. and Carlin, Bradley P.},
	Title = {{Bayesian deviance, the effective number of parameters, and the comparison of arbitrarily complex models}},
	Year = {1998}}

@article{Stone1982,
	Author = {Stone, Charles J.},
	Journal = {Annals of the Institute of Statistical Mathematics},
	Number = {1},
	Pages = {123--133},
	Publisher = {Springer Netherlands},
	Title = {{Local asymptotic admissibility of a generalization of Akaike's model selection rule}},
	Volume = {34},
	Year = {1982}}

@article{Sugiura1978,
	Author = {Sugiura, Nariaki},
	Journal = {Communications in Statistics - Theory and Methods},
	Number = {1},
	Pages = {13--26},
	Publisher = {Taylor \& Francis},
	Title = {{Further analysts of the data by akaike' s information criterion and the finite corrections}},
	Volume = {7},
	Year = {1978}}

@article{Tierney1994,
	Author = {Tierney, Luke},
	Journal = {The Annals of Statistics},
	Number = {4},
	Pages = {1701--1728},
	Title = {{Markov chains for exploring posterior distributions}},
	Volume = {22},
	Year = {1994}}

@book{Tsybakov2009,
	Address = {New York},
	Author = {Tsybakov, Alexandre B.},
	Publisher = {Springer},
	Title = {{Introdcution to nonparametric estimation}},
	Year = {2009}}

@article{Turkheimer2003,
	Author = {Turkheimer, Federico E. and Hinz, Rainer and Cunningham, Vincent J.},
	Journal = {Journal of Cerebral Blood Flow \& Metabolism},
	Number = {4},
	Pages = {490--498},
	Publisher = {International Society of Cerebral Blood Flow and Metabolism},
	Title = {{On the undecidability among kinetic models: From model selection to model averaging}},
	Volume = {23},
	Year = {2003}}

@article{Tweedie1957,
	Author = {Tweedie, M. C. K.},
	Journal = {The Annals of Mathematical Statistics},
	Number = {2},
	Pages = {362--377},
	Title = {{Statistical properties of inverse Gaussian distributions. II.}},
	Volume = {28},
	Year = {1957}}

@article{Tweedie1957a,
	Author = {Tweedie, M. C. K.},
	Journal = {The Annals of Mathematical Statistics},
	Number = {2},
	Pages = {362--377},
	Title = {{Statistical properties of inverse Gaussian distributions. I.}},
	Volume = {28},
	Year = {1957}}

@book{Wasserman2006,
	Address = {New York},
	Author = {Wasserman, Larry},
	Publisher = {Springer},
	Title = {{All of nonparametric statistics}},
	Year = {2006}}

@article{Watson1964,
	Author = {Watson, Geoffrey S.},
	Journal = {Sankhy\`{a}: The Indian Journal of Statistics, Series A},
	Number = {4},
	Pages = {359--372},
	Title = {{Smooth regression analysis}},
	Volume = {26},
	Year = {1964}}

@article{West1993,
	Author = {West, Mike},
	Journal = {Journal of the Royal Statistical Society. Series B (Methodological)},
	Number = {2},
	Pages = {409--422},
	Title = {{Approximating posterior distributions by mixtures}},
	Volume = {55},
	Year = {1993}}

@phdthesis{Wickham,
	Author = {Wickham, Hadley Alexander},
	Title = {{Practical tools for exploring data and models}}}

@article{Wood1993,
	Author = {Wood, Andrew T. a. and Booth, James G. and Butler, Ronald W.},
	Journal = {Journal of the American Statistical Association},
	Number = {422},
	Pages = {680},
	Title = {{Saddlepoint approximations to the CDF of some statistics with nonnormal limit distributions}},
	Volume = {88},
	Year = {1993}}

@article{Yu1998,
	Author = {Yu, Bin and Mykland, Per},
	Journal = {Statistics and Computing},
	Number = {3},
	Pages = {275--286},
	Publisher = {Springer Netherlands},
	Title = {{Looking at Markov samplers through CUSUM path plots: a simple diagnostic idea}},
	Volume = {8},
	Year = {1998}}

@unpublished{Zhou2011,
	Author = {Zhou, Yan and Aston, John A. D. and Johansen, Adam M.},
	Institution = {CRiSM, Department of Statistics, University of Warwick},
	Number = {11},
	Pages = {1--20},
	Series = {11},
	Title = {{Bayesian model comparison for compartmental models with applications in positron emission tomography}},
	Year = {2011}}
