%% Created using Papers on Sat, 28 Apr 2012.
%% http://mekentosj.com/papers/

@article{Richardson:1997ea,
author = {Richardson, Sylvia and Green, Peter J.},
title = {{On Bayesian analysis of mixtures with an unknown number of components (with discussion)}},
journal = {Journal of the Royal Statistical Society. Series B (Methodological)},
year = {1997}
}

@article{Goldberg:1991wo,
author = {Goldberg, David},
title = {{What every computer scientist should know about floating-point arithmetic}},
journal = {ACM Computing Surveys},
year = {1991}
}

@article{AlAwadhi:2004dy,
author = {Al-Awadhi, Fahimah and Hurn, Merrilee and Jennison, Christopher},
title = {{Improving the acceptance rate of reversible jump MCMC proposals}},
journal = {Statistics {\&} Probability Letters},
year = {2004}
}

@article{Halmos:1949ti,
author = {Halmos, Paul R. and Savage, L. J.},
title = {{Application of the Radon-Nikodym theorem to the theory of sufficient statistics}},
journal = {The Annals of Mathematical Statistics},
year = {1949}
}

@article{Shuster:1968kz,
author = {Shuster, Jonathan},
title = {{On the inverse Gaussian distribution function}},
journal = {Journal of the American Statistical Association},
year = {1968}
}

@article{Huzurbazar:1999dl,
author = {Huzurbazar, S.},
title = {{Practical saddlepoint approximations}},
journal = {The American Statistician},
year = {1999}
}

@article{Hume:1992fy,
author = {Hume, Susan P. and Myers, Ralph and Bloomfield, Peter M. and Opacka-Juffry, Jolanta and Cremer, Jill E. and Ahier, Randall G. and Luthra, Sajinda K. and Brooks, David J. and Lammertsma, Adriaan A.},
title = {{Quantitation of Carbon-11-labeled raclopride in rat striatum using positron emission tomography.}},
journal = {Synapse},
year = {1992}
}

@article{Douc:2005wa,
author = {Douc, Randal and Capp{\'e}, Olivier and Moulines, Eric},
title = {{Comparison of resampling schemes for particle filtering}},
journal = {Proceedings of the 4th International Symposium on Imange and Signal Processing and Analysis},
year = {2005}
}

@article{Fearnhead:2004gi,
author = {Fearnhead, Paul},
title = {{Particle filters for mixture models with an unknown number of components}},
journal = {Statistics and Computing},
year = {2004}
}

@article{Olkin:1981vi,
author = {Olkin, Ingram and Petkau, A. John and Zidek, James V.},
title = {{A comparison of n estimators for the Binomial distribution}},
journal = {Journal of the American Statistical Association},
year = {1981}
}

@article{Johansen:2009wd,
author = {Johansen, Adam M.},
title = {{SMCTC: sequential Monte Carlo in C++}},
journal = {Journal of Statistical Software},
year = {2009}
}

@article{Jiang:2009kf,
author = {Jiang, Ci-Ren and Aston, John A. D. and Wang, Jane-Ling},
title = {{Smoothing dynamic positron emission tomography time courses using functional principal components}},
journal = {NeuroImage},
year = {2009}
}

@inproceedings{Bolic:2003hl,
author = {Bolic, Miodrag and Djuric, Petar M. and Hong, Sangjin},
title = {{New resampling algorithms for particel filters}},
booktitle = {International Conference on Acoustics, Speech and Signal Processing (ICASSP'03)},
year = {2003}
}

@article{DelMoral:2009th,
author = {Del Moral, Pierre and Doucet, Arnaud},
title = {{Particle methods: An introduction with applications}},
year = {2009}
}

@article{Newton:1994wm,
author = {Newton, Michael A. and Raftery, Adrian E.},
title = {{Approximate Bayesian inference with the weighted likelihood bootstrap}},
journal = {Journal of the Royal Statistical Society. Series B (Methodological)},
year = {1994}
}

@article{Alpert:2009by,
author = {Alpert, Nathaniel M. and Yuan, Fang},
title = {{A general method of Bayesian estimation for parametric imaging of the brain.}},
journal = {NeuroImage},
year = {2009}
}

@article{Hamilton:1995ty,
author = {Hamilton, David C. and Lesperance, Mary L.},
title = {{A comparison of methods for univariate and multivariate acceptance sampling by variables}},
journal = {Technometrics},
year = {1995}
}

@article{Besag:1974vs,
author = {Besag, Julian},
title = {{Spatial Interaction and the Statistical Analysis of Lattice Systems}},
journal = {Journal of the Royal Statistical Society. Series B (Methodological)},
year = {1974}
}

@article{Cheng:1978jl,
author = {Cheng, R. C. H.},
title = {{Generating Beta variates with nonintegral shape parameters}},
journal = {Communications of the ACM},
year = {1978}
}

@article{Ridgeway:2003gq,
author = {Ridgeway, Greg and Madigan, David},
title = {{A sequential Monte Carlo method for Bayesian analysis of massive datasets.}},
journal = {Data Mining and Knowledge Discovery},
year = {2003}
}

@article{Robert:1994vh,
author = {Robert, Christian P.},
title = {{Discussion: Markov chains for exploring posterior distributions}},
journal = {The Annals of Statistics},
year = {1994}
}

@article{Peng:2008fx,
author = {Peng, Jyh-Ying and Aston, John A. D. and Gunn, Roger N. and Liou, Cheng-Yuan and Ashburner, John},
title = {{Dynamic positron emission tomography data-driven analysis using sparse Bayesian learning}},
journal = {IEEE Transactions on Medical Imaging},
year = {2008}
}

@article{Buck:1996td,
author = {Buck, Alfred and Westera, Gerrit and VonSchulthess, Gustav K. and Burger, Cyrill},
title = {{Modeling alternatives for cerebral Carbon-11-Iomazenil kinetics}},
journal = {Journal of Nuclear Medicine},
year = {1996}
}

@article{Oh:1993tg,
author = {Oh, Man-Suk and Berger, James O.},
title = {{Integration of multimodal functions by Monte Carlo importance sampling}},
journal = {Journal of the American Statistical Association},
year = {1993}
}

@article{Chopin:2004cn,
author = {Chopin, Nicolas},
title = {{Central limit theorem for sequential Monte Carlo methods and its application to Bayesian inference}},
journal = {The Annals of Statistics},
year = {2004}
}

@phdthesis{Hastie:2005vi,
author = {Hastie, David},
title = {{Towards automatic reversible jump Markov chain Monte Carlo}},
school = {Citeseer},
year = {2005}
}

@article{Roberts:2002vb,
author = {Roberts, Gareth O. and Rosenthal, Jeffery S.},
title = {{The polar slice sampler}},
journal = {Stochastic models},
year = {2002}
}

@inproceedings{Hol:2006ff,
author = {Hol, Jeroen D. and Schon, Thomas B. and Gustafsson, Fredrik},
title = {{On resampling algorithms for particle filters}},
booktitle = {2006 IEEE Nonlinear Statistical Signal Processing Workshop},
year = {2006}
}

@article{Kitagawa:1996vj,
author = {Kitagawa, Genshiro},
title = {{Monte Carlo filter and smoother for non-Gaussian nonlinear state space models}},
journal = {Journal of Computational and Graphical Statistics},
year = {1996}
}

@article{Marsaglia:2000vq,
author = {Marsaglia, George and wan Tsang, Wai},
title = {{A simple method for generating gamma variables}},
journal = {ACM Transactions on Mathematical Software},
year = {2000}
}

@article{Geman:1993bp,
author = {Geman, Stuart and Geman, Donald},
title = {{Stochastic relaxation, Gibbs distributions and the Bayesian restoration of images}},
journal = {Journal of Applied Statistics},
year = {1993}
}

@article{Geweke:1989tm,
author = {Geweke, John},
title = {{Bayesian inference in econometric models using Monte Carlo integration}},
journal = {Econometrica: Journal of the Econometric Society},
year = {1989}
}

@article{Folks:1978tb,
author = {Folks, J. L. and Chhikara, R. S.},
title = {{The inverse Gaussian distribution and its statistical application--a review}},
journal = {Journal of the Royal Statistical Society. Series B (Methodological)},
year = {1978}
}

@article{Booth:1995he,
author = {Booth, James G. and Wood, Andrew T.A.},
title = {{An example in which the Lugannani-Rice saddlepoint formula fails}},
journal = {Statistics {\&} Probability Letters},
year = {1995}
}

@article{Schwarz:1978uv,
author = {Schwarz, Gideon},
title = {{Estimating the dimension of a model}},
journal = {The Annals of Statistics},
year = {1978}
}

@article{Jasra:2007id,
author = {Jasra, Ajay and Stephens, David A and Holmes, Christopher C.},
title = {{Population-based reversible jump Markov chain Monte Carlo}},
journal = {Biometrika},
year = {2007}
}

@article{Kinahan:1989ih,
author = {Kinahan, P.E. and Rogers, J.G.},
title = {{Analytic 3D image reconstruction using all detected events}},
journal = {IEEE Transactions on Nuclear Science},
year = {1989}
}

@article{Samiuddin:1990vy,
author = {Samiuddin, M. and El-Sayyad, G. M.},
title = {{On nonparametric kernel density estimates}},
journal = {Biometrika},
year = {1990}
}

@article{Jones:1993cn,
author = {Jones, D. R. and Perttunen, C. D. and Stuckman, B. E.},
title = {{Lipschitzian optimization without the Lipschitz constant}},
journal = {Journal of Optimization Theory and Applications},
year = {1993}
}

@article{Akaike:1980gh,
author = {Akaike, Hirotugu},
title = {{Likelihood and the Bayes procedure}},
journal = {Trabajos de Estadistica Y de Investigacion Operativa},
year = {1980}
}

@article{Berger:2001uy,
author = {Berger, James O. and Pericchi, Luis R.},
title = {{Objective Bayesian methods for model selection: introduction and comparison}},
journal = {IMS Lecture Notes - Monograph Series},
year = {2001}
}

@article{Jasra:2008bb,
author = {Jasra, Ajay and Doucet, Arnaud and Stephens, David A and Holmes, Christopher C.},
title = {{Interacting sequential Monte Carlo samplers for trans-dimensional simulation}},
journal = {Computational Statistics {\&} Data Analysis},
year = {2008}
}

@article{Liu:1995vl,
author = {Liu, Jun S. and Chen, Rong},
title = {{Blind deconvolution via sequential imputations}},
journal = {Journal of the American Statistical Association},
year = {1995}
}

@article{Glasserman:1999uc,
author = {Glasserman, Paul and Heidelberger, Philip and Shahabuddin, Perwez and Zajic, Tim},
title = {{Multilevel splitting for estimating rare event probabilities}},
journal = {Operations Research},
year = {1999}
}

@article{Davis:1993vl,
author = {Davis, Charles S.},
title = {{The computer generation of multinomial random variates}},
journal = {Computational Statistics {\&} Data Analysis},
year = {1993}
}

@techreport{Besag:2001um,
author = {Besag, Julian},
title = {{Markov chain Monte Carlo for statistical inference}},
year = {2001}
}

@article{DelMoral:2005hw,
author = {Del Moral, Pierre and Garnier, Josselin},
title = {{Genealogical particle analysis of rare events}},
journal = {The Annals of Applied Probability},
year = {2005}
}

@article{Kac:1949dq,
author = {Kac, M.},
title = {{On distributions of certain Wiener functionals}},
journal = {Transactions of the American Mathematical Society},
year = {1949}
}

@article{Arulampalam:2002hg,
author = {Arulampalam, M. Sanjeev and Maskell, Simon and Gordon, Neil and Clapp, Tim},
title = {{A tutorial on particle filters for online nonlinear/non-Gaussian Bayesian tracking}},
journal = {IEEE Transactions on Signal Processing},
year = {2002}
}

@article{Daniels:1987uk,
author = {Daniels, H. E.},
title = {{Tail probability approximations}},
journal = {International Statistical Review},
year = {1987}
}

@article{Kullback:1951va,
author = {Kullback, S. and Leibler, R. A.},
title = {{On information and sufficiency}},
journal = {The Annals of Mathematical Statistics},
year = {1951}
}

@article{Akaike:1974ih,
author = {Akaike, Hirotugu},
title = {{A new look at the statistical model identification}},
journal = {IEEE Transactions on Automatic Control},
year = {1974}
}

@article{Cappe:2007hz,
author = {Capp{\'e}, Olivier and Godsill, Simon J. and Moulines, Eric},
title = {{An overview of existing methods and recent advances in sequential Monte Carlo}},
journal = {Proceedings of the IEEE},
year = {2007}
}

@article{Kong:1994ul,
author = {Kong, Augustine and Liu, Jun S. and Wong, Wing Huang},
title = {{Sequential imputations and Bayesian missing data problems}},
journal = {Journal of the American Statistical Association},
year = {1994}
}

@article{Sisson:2007il,
author = {Sisson, S a and Fan, Y and Tanaka, Mark M},
title = {{Sequential Monte Carlo without likelihoods}},
journal = {Proceedings of the National Academy of Sciences of the United States of America},
year = {2007}
}

@article{Calderhead:2009bd,
author = {Calderhead, Ben and Girolami, Mark},
title = {{Estimating Bayes factors via thermodynamic integration and population MCMC}},
journal = {Computational Statistics {\&} Data Analysis},
year = {2009}
}

@article{Hawkins:1986ha,
author = {Hawkins, Randall A. and Phelps, Michael E. and Huang, Sung-Cheng},
title = {{Effects of temporal sampling, glucose metabolic rates, and disruptions of the blood-brain barrier on the FDG model with and without a vascular compartment: studies in human brain tumors with PET}},
journal = {Journal of Cerebral Blood Flow {\&} Metabolism},
year = {1986}
}

@article{Jasra:2007in,
author = {Jasra, Ajay and Stephens, David A and Holmes, Christopher C.},
title = {{On population-based simulation for static inference}},
journal = {Statistics and Computing},
year = {2007}
}

@article{Johansen:2006wm,
author = {Johansen, Adam M. and Del Moral, Pierre and Doucet, Arnaud},
title = {{Sequential Monte Carlo samplers for rare events}},
journal = {Proceedings of the 6th International Workshop on Rare Event Simulation},
year = {2006}
}

@techreport{Doucet:2009us,
author = {Doucet, Arnaud and Johansen, Aadm M.},
title = {{A tutorial on particle filtering and smoothing: Fifteen years later}},
year = {2009}
}

@article{Owen:2000kb,
author = {Owen, Art and Zhou, Yi},
title = {{Safe and effective importance sampling}},
journal = {Journal of the American Statistical Association},
year = {2000}
}

@article{Birnbaum:1962tj,
author = {Birnbaum, Allan},
title = {{On the foundations of statistical inference}},
journal = {Journal of the American Statistical Association},
year = {1962}
}

@article{Johansen:2006iv,
author = {Johansen, Adam M. and Singh, Sumeetpal S. and Doucet, Arnaud and Vo, Ba-Ngu},
title = {{Convergence of the SMC implementation of the PHD filte}},
journal = {Methodology and Computing in Applied Probability},
year = {2006}
}

@article{Metropolis:1953ex,
author = {Metropolis, Nicholas and Rosenbluth, Arianna W. and Rosenbluth, Marshall N. and Teller, Augusta H. and Teller, Edward},
title = {{Equation of state calculations by fast computing machines}},
journal = {The Journal of Chemical Physics},
year = {1953}
}

@article{Lecuyer:2002uy,
author = {L'ecuyer, Pierre and Simard, Richard and Chen, E. Jack and Kelton, W. David},
title = {{An object-oriented random-number package with many long streams and substreams}},
journal = {Operations Research},
year = {2002}
}

@book{Robert:2007tc,
author = {Robert, Christian P.},
title = {{The Bayesian Choice: From Decision-theoretic Foundations to Computational Implementation}},
publisher = {Springer},
year = {2007}
}

@article{Kass:1995vb,
author = {Kass, Robert E. and Raftery, Adrian E.},
title = {{Bayes factors}},
journal = {Journal of the American Statistical Association},
year = {1995}
}

@article{Johansen:2007kp,
author = {Johansen, Adam M. and Doucet, Arnaud and Davy, Manuel},
title = {{Particle methods for maximum likelihood estimation in latent variable models}},
journal = {Statistics and Computing},
year = {2007}
}

@article{Cunningham:1991fs,
author = {Cunningham, Vincent J. and Hume, Susan P. and Price, Gary R. and Ahier, Randall G. and Cremer, Jill E. and Jones, Anthony K. P.},
title = {{Compartmental analysis of diprenorphine binding to opiate receptors in the rat in vivo and its comparison with equilibrium data in vitro}},
journal = {Journal of Cerebral Blood Flow {\&} Metabolism},
year = {1991}
}

@article{BarndorffNielsen:1979ug,
author = {Barndorff-Nielsen, O. and Cox, D. R.},
title = {{Edgeworth and saddle-point approximations with statistical applications}},
journal = {Journal of the Royal Statistical Society. Series B (Methodological)},
year = {1979}
}

@article{Hesterberg:1995wg,
author = {Hesterberg, Tim},
title = {{Weighted average importance sampling and defensive mixture distributions}},
journal = {Technometrics},
year = {1995}
}

@article{Eddy:1980wm,
author = {Eddy, William F.},
title = {{Optimum kernel estimators of the mode}},
journal = {The Annals of Statistics},
year = {1980}
}

@article{Tweedie:1957vm,
author = {Tweedie, M. C. K.},
title = {{Statistical properties of inverse Gaussian distributions. II.}},
journal = {The Annals of Mathematical Statistics},
year = {1957}
}

@article{Cappe:2008ht,
author = {Capp{\'e}, Olivier and Douc, Randal and Guillin, Arnaud and Marin, Jean-Michel and Robert, Christian P.},
title = {{Adaptive importance sampling in general mixture classes}},
journal = {Statistics and Computing},
year = {2008}
}

@article{Roberts:1996wb,
author = {Roberts, Gareth O. and Tweedie, R. L.},
title = {{Geometric convergence and central limit theorems for multidimensional Hastings and Metropolis}},
journal = {Biometrika},
year = {1996}
}

@article{Blumenthal:1981th,
author = {Blumenthal, Saul and Dahiya, Ram C.},
title = {{Estimating the Binomial parameter n}},
journal = {Journal of the American Statistical Association},
year = {1981}
}

@article{Bartlett:1955vz,
author = {Bartlett, M. S. and Medhi, J.},
title = {{On the efficiency of procedures for smoothing periodograms from time series with continuous spectra}},
journal = {Biometrika},
year = {1955}
}

@article{Andrieu:2008kh,
author = {Andrieu, Christophe and Thoms, Johannes},
title = {{A tutorial on adaptive MCMC}},
journal = {Statistics and Computing},
year = {2008}
}

@article{Roberts:1997wf,
author = {Roberts, Gareth O. and Gelman, A. and Gilks, Walter R.},
title = {{Weak convergence and optimal scaling of random walk Metropolis algorithms}},
journal = {The Annals of Applied Probability},
year = {1997}
}

@article{Laskey:2003et,
author = {Laskey, Kathryn Blackmond and Myers, James W},
title = {{Population Markov chain Monte Carlo}},
journal = {Machine Learning},
year = {2003}
}

@article{DelMoral:2006hc,
author = {Del Moral, Pierre and Doucet, Arnaud and Jasra, Ajay},
title = {{Sequential Monte Carlo samplers}},
journal = {Journal of the Royal Statistical Society. Series B (Methodological)},
year = {2006}
}

@article{Sacks:1981vv,
author = {Sacks, Jermoe and Ylvisaker, Donald},
title = {{Asymptotically optimum kernels for density estimation at a point}},
journal = {The Annals of Statistics},
year = {1981}
}

@book{Tsybakov:2009wp,
author = {Tsybakov, Alexandre B.},
title = {{Introdcution to nonparametric estimation}},
publisher = {Springer},
year = {2009}
}

@article{Nelder:1965in,
author = {Nelder, J. A. and Mead, R.},
title = {{A simplex method for function minimization}},
journal = {The Computer Journal},
year = {1965}
}

@inproceedings{Yu:2010km,
author = {Yu, Jinxia and Liu, Wenjing and Tang, Yongli},
title = {{Improved particle filter algorithms based on partial systematic resampling}},
booktitle = {2010 IEEE International Conference on Intelligent Computing and Intelligent Systems (ICIS 2010)},
year = {2010}
}

@article{Lugannani:1980tc,
author = {Lugannani, Robert and Rice, Stephen},
title = {{Saddle point approximation for the distribution of the sum of indpendent random variables}},
journal = {Advances in Applied Probability},
year = {1980}
}

@phdthesis{Wickham:G4KrC0Vz,
author = {Wickham, Hadley Alexander},
title = {{Practical tools for exploring data and models}}
}

@article{Brooks:2003ko,
author = {Brooks, S. P. and Giudici, P. and Roberts, Gareth O.},
title = {{Efficient construction of reversible jump Markov chain Monte Carlo proposal distributions (with discussion)}},
journal = {Journal of the Royal Statistical Society. Series B (Methodological)},
year = {2003}
}

@article{Haario:2001gu,
author = {Haario, Heikki and Saksman, Eero and Tamminen, Johanna},
title = {{An Adaptive Metropolis Algorithm}},
journal = {Bernoulli},
year = {2001}
}

@article{Heidelberger:1981ih,
author = {Heidelberger, Philip and Welch, Peter D.},
title = {{A spectral method for confidence interval generation and run length control in simulations}},
journal = {Communications of the ACM},
year = {1981}
}

@article{Gilks:1998dl,
author = {Gilks, Walter R. and Roberts, Gareth O. and Sahu, Sujit K.},
title = {{Adaptive Markov chain Monte Carlo through regeneration}},
journal = {Journal of the American Statistical Association},
year = {1998}
}

@article{Zhou:2011uo,
author = {Zhou, Yan and Aston, John A. D. and Johansen, Adam M.},
title = {{Bayesian model comparison for compartmental models with applications in positron emission tomography}},
year = {2011}
}

@article{Doucet:2006ji,
author = {Doucet, Arnaud and Briers, Mark and S e n e cal, St\'{e}phane},
title = {{Efficient block sampling strategies for sequential Monte Carlo methods}},
journal = {Journal of Computational and Graphical Statistics},
year = {2006}
}

@article{Kinderman:1977tn,
author = {Kinderman, A. J. and Monahan, J. F.},
title = {{Computer generation of random variables using the ratio of uniform deviates}},
journal = {ACM Transactions on Mathematical Software},
year = {1977}
}

@article{Blackwell:1953vt,
author = {Blackwell, David},
title = {{Equivalent comparisons of experiments}},
journal = {The Annals of Mathematical Statistics},
year = {1953}
}

@article{Tierney:1994uk,
author = {Tierney, Luke},
title = {{Markov chains for exploring posterior distributions}},
journal = {The Annals of Statistics},
year = {1994}
}

@article{Chib:1995em,
author = {Chib, Siddhartha},
title = {{Marginal likelihood from the Gibbs output}},
journal = {Journal of the American Statistical Association},
year = {1995}
}

@article{McCulloch:1991hj,
author = {McCulloch, Robert and Rossi, Peter E.},
title = {{A Bayesian approach to testing the arbitrage pricing theory}},
journal = {Journal of Econometrics},
year = {1991}
}

@article{Green:1995dg,
author = {Green, Peter J.},
title = {{Reversible jump Markov chain Monte Carlo computation and Bayesian model determination}},
journal = {Biometrika},
year = {1995}
}

@article{Chopin:2002hg,
author = {Chopin, Nicolas},
title = {{A sequential particle filter method for static models}},
journal = {Biometrika},
year = {2002}
}

@article{Carpenter:1999jb,
author = {Carpenter, James and Clifford, Peter and Fearnhead, Paul},
title = {{Improved particle filter for nonlinear problems}},
journal = {IEE Proceedings - Radar, Sonar and Navigation},
year = {1999}
}

@article{Kalogeropoulos:2010cs,
author = {Kalogeropoulos, Konstantinos and Roberts, Gareth O. and Dellaportas, Petros},
title = {{Inference for stochastic volatility models using time change transformations}},
journal = {The Annals of Statistics},
year = {2010}
}

@article{Evans:1995wz,
author = {Evans, Michael and Swartz, Tim},
title = {{Methods for approximating integrals in statistics with special emphasis on Bayesian integration problems}},
journal = {Statistical Science},
year = {1995}
}

@article{Brown:1950wy,
author = {Brown, George W.},
title = {{Basic principles for construction and application of discriminators}},
journal = {Journal of Clinical Psychology},
year = {1950}
}

@article{Cox:1987wo,
author = {Cox, D. R. and Reid, N.},
title = {{Parameter orthogonality and approximate conditional inference}},
journal = {Journal of the Royal Statistical Society. Series B (Methodological)},
year = {1987}
}

@article{Chib:2001gq,
author = {Chib, Siddhartha and Jeliazkov, Ivan},
title = {{Marginal likelihood from the Metropolis-Hastings output}},
journal = {Journal of the American Statistical Association},
year = {2001}
}

@article{Raftery:2006ty,
author = {Raftery, Adrian E. and Newton, Michael A. and Satagopan, Jaya M. and Krivisky, Pavel N.},
title = {{Estimating the integrated likelihood via posterior simulaiton using the harmonic mean identity (with discussions)}},
year = {2006}
}

@article{Kang:2011gg,
author = {Kang, Jian and Johnson, Timothy D. and Nichols, Thomas E. and Wager, Tor D.},
title = {{Meta Analysis of Functional Neuroimaging Data via Bayesian Spatial Point Processes.}},
journal = {Journal of the American Statistical Association},
year = {2011}
}

@article{Parzen:1962tf,
author = {Parzen, Emanuel},
title = {{On estimation of a probability density function and mode}},
journal = {The Annals of Mathematical Statistics},
year = {1962}
}

@article{Robert:1995ge,
author = {Robert, Christian P.},
title = {{Convergence control methods for Markov chain Monte Carlo algorithms}},
journal = {Statistical Science},
year = {1995}
}

@techreport{Green:2009tr,
author = {Green, Peter J. and Hastie, David I.},
title = {{Reversible jump MCMC}},
year = {2009}
}

@article{Richard:2007gz,
author = {Richard, Jean-Francois and Zhang, Wei},
title = {{Efficient high-dimensional importance sampling}},
journal = {Journal of Econometrics},
year = {2007}
}

@article{Gelfand:1994ux,
author = {Gelfand, Alan E. and Dey, Dipak K.},
title = {{Bayesian model choice: asymptotics and exact calculations}},
journal = {Journal of the Royal Statistical Society. Series B (Methodological)},
year = {1994}
}

@article{Gelman:1998ei,
author = {Gelman, Andrew and Meng, Xiao-Li},
title = {{Simulating normalizing constants: from importance sampling to bridge sampling to path sampling}},
journal = {Statistical Science},
year = {1998}
}

@article{Berger:1992kf,
author = {Berger, James O. and Bernardo, Jos{\'e} M.},
title = {{Ordered group reference priors with application to the multinomial problem}},
journal = {Biometrika},
year = {1992}
}

@article{Nadaraya:1964uu,
author = {Nadaraya, E. A.},
title = {{On estimating regression}},
journal = {Theory of Probability and its Applications},
year = {1964}
}

@article{Salmon:2011um,
author = {Salmon, John K. and Moraes, Mark A. and Dror, Ron O. and Shaw, David E.},
title = {{Parallel random numbers: As easy as 1, 2, 3}},
journal = {Proceedings of 2011 International Conference for High Performance Computing, Networking, Storage and Analysis},
year = {2011}
}

@book{Lehmann:2005vy,
author = {Lehmann, E. L. and Romano, Joseph P.},
title = {{Testing Statistical Hypotheses}},
publisher = {Springer Verlag},
year = {2005}
}

@article{Ronchetti:1997uc,
author = {Ronchetti, Elvezio},
title = {{Robustness aspects of model choice}},
journal = {Statistica Sinica},
year = {1997}
}

@article{BarndorffNielsen:1980je,
author = {Barndorff-Nielsen, O.},
title = {{Conditionality resolutions}},
journal = {Biometrika},
year = {1980}
}

@article{Cowles:1996bv,
author = {Cowles, Mary Kathryn and Carlin, Bradley P.},
title = {{Markov chain Monte Carlo convergence diagnostics: a comparative review}},
journal = {Journal of the American Statistical Association},
year = {1996}
}

@article{Berger:1992wo,
author = {Berger, James O. and Bernardo, Jos{\'e} M.},
title = {{On the development of reference priors}},
year = {1992}
}

@article{Epanechnikov:1969vm,
author = {Epanechnikov, V. A.},
title = {{Non-parametric estimation of a multivariate probability density}},
journal = {Theory of Probability and its Applications},
year = {1969}
}

@article{Marron:1989uz,
author = {Marron, J. S. and Nolan, D.},
title = {{Canonical kernels for density estimation}},
journal = {Statistics {\&} Probability Letters},
year = {1989}
}

@article{Han:2001wa,
author = {Han, Cong and Carlin, Bradley P.},
title = {{Markov chain Monte Carlo methods for computing Bayes factors: A comparative review}},
journal = {Journal of the American Statistical Association},
year = {2001}
}

@article{Haario:1999dh,
author = {Haario, Heikki and Saksman, Eero and Tamminen, Johanna},
title = {{Adaptive proposal distribution for random walk Metropolis algorithm}},
journal = {Computational Statistics},
year = {1999}
}

@article{Logan:2000fw,
author = {Logan, Jean},
title = {{Graphical analysis of PET data applied to reversible and irreversible tracers}},
journal = {Nuclear Medicine and Biology},
year = {2000}
}

@article{Golightly:2008cx,
author = {Golightly, A. and Wilkinson, D. J.},
title = {{Bayesian inference for nonlinear multivariate diffusion models observed with error}},
journal = {Computational Statistics {\&} Data Analysis},
year = {2008}
}

@article{Akaike:1978ti,
author = {Akaike, Hirotugu},
title = {{A Bayesian analysis of the minimum AIC procedure}},
journal = {Annals of the Institute of Statistical Mathematics},
year = {1978}
}

@article{Bernardo:1979uq,
author = {Bernardo, Jos{\'e} M.},
title = {{Reference posterior distributions for Bayesian inference}},
journal = {Journal of the Royal Statistical Society. Series B (Methodological)},
year = {1979}
}

@article{Wood:1993ku,
author = {Wood, Andrew T.A. and Booth, James G. and Butler, Ronald W.},
title = {{Saddlepoint approximations to the CDF of some statistics with nonnormal limit distributions}},
journal = {Journal of the American Statistical Association},
year = {1993}
}

@article{Ruppert:1994wk,
author = {Ruppert, D. and Wand, M. P.},
title = {{Multivariate locally weighted least squares regression}},
journal = {The Annals of Statistics},
year = {1994}
}

@article{Raftery:1996ct,
author = {Raftery, Adrian E.},
title = {{Approximate Bayes factors and accounting for model uncertainty in generalised linear models}},
journal = {Biometrika},
year = {1996}
}

@article{Leva:1992vm,
author = {Leva, Joseph L.},
title = {{A fast normal random number generator}},
journal = {ACM Transactions on Mathematical Software},
year = {1992}
}

@article{Mengersen:1996th,
author = {Mengersen, K. L. and Tweedie, R. L.},
title = {{Rates of convergence of the Hastings and Metropolis algorithms}},
journal = {The Annals of Statistics},
year = {1996}
}

@article{Chow:1981te,
author = {Chow, Gregory C.},
title = {{A comparison of the information and posterior probability criteria for model selection}},
journal = {Journal of Econometrics},
year = {1981}
}

@article{Jasra:2005kl,
author = {Jasra, A. and Holmes, C. C. and Stephens, D. A.},
title = {{Markov Chain Monte Carlo Methods and the Label Switching Problem in Bayesian Mixture Modeling}},
journal = {Statistical Science},
year = {2005}
}

@article{Kass:1996jj,
author = {Kass, Robert E. and Wasserman, Larry},
title = {{The selection of prior distributions by formal rules}},
journal = {Journal of the American Statistical Association},
year = {1996}
}

@article{Yu:1998fn,
author = {Yu, Bin and Mykland, Per},
title = {{Looking at Markov samplers through CUSUM path plots: a simple diagnostic idea}},
journal = {Statistics and Computing},
year = {1998}
}

@article{Kass:1992tz,
author = {Kass, Robert E. and Vaidyanathan, Suresh K.},
title = {{Approximate Bayes factors and orthogonal parameters, with application to testing equality of two binomial proportions}},
journal = {Journal of the Royal Statistical Society. Series B (Methodological)},
year = {1992}
}

@article{Fan:2008tf,
author = {Fan, Y and Leslie, D.S. and Wand, M. P.},
title = {{Generalised linear mixed model analysis via sequential Monte Carlo sampling}},
journal = {Electronic Journal of Statistics},
year = {2008}
}

@article{DeRiggi:1983wr,
author = {DeRiggi, Dennis F.},
title = {{Unimodality of likelihood functions for the Binomial distribution}},
journal = {Journal of the American Statistical Association},
year = {1983}
}

@article{Hastings:1970gd,
author = {Hastings, W. Keith},
title = {{Monte Carlo sampling methods using Markov chains and their applications}},
journal = {Biometrika},
year = {1970}
}

@article{Kass:1993vy,
author = {Kass, Robert E.},
title = {{Bayes factors in practice}},
journal = {Journal of the Royal Statistical Society. Series D (The Statistician)},
year = {1993}
}

@article{Mankoff:1998ui,
author = {Mankoff, David A. and Shields, Anthony F. and Graham, Michael M. and Link, Jeanne M. and Eary, Janet F. and Krohn, Kenneth A.},
title = {{Kinetic analysis of 2-[Carbon-11]Thymidine PET imaging studies: Compartmental model and mathematical analysis}},
journal = {The Journal of Nuclear Medicine},
year = {1998}
}

@techreport{Spiegelhalter:1998uc,
author = {Spiegelhalter, David J. and Best, Nicola G. and Carlin, Bradley P.},
title = {{Bayesian deviance, the effective number of parameters, and the comparison of arbitrarily complex models}},
year = {1998}
}

@article{Lammertsma:1996ik,
author = {Lammertsma, Adriaan A. and Hume, Susan P.},
title = {{Simplified reference tissue model for PET receptor studies.}},
journal = {NeuroImage},
year = {1996}
}

@book{Wasserman:2006uf,
author = {Wasserman, Larry},
title = {{All of nonparametric statistics}},
publisher = {Springer},
year = {2006}
}

@article{Sawa:1978tn,
author = {Sawa, Takamitsu},
title = {{Information criteria for discriminating among alternative regression models}},
journal = {Econometrica: Journal of the Econometric Society},
year = {1978}
}

@article{Chen:1995jn,
author = {Chen, Kewei and Reiman, Eric and Lawson, Michael and Feng, Dagan and Huang, Sung-Cheng},
title = {{Decay correction methods in dynamic PET studies}},
journal = {IEEE Transactions on Nuclear Science},
year = {1995}
}

@article{West:1993us,
author = {West, Mike},
title = {{Approximating posterior distributions by mixtures}},
journal = {Journal of the Royal Statistical Society. Series B (Methodological)},
year = {1993}
}

@article{Hurvich:1989ev,
author = {Hurvich, Clifford M. and Tsai, Chin-ling},
title = {{Regression and time series model selection in small samples}},
journal = {Biometrika},
year = {1989}
}

@article{Bartolucci:2006cb,
author = {Bartolucci, F.},
title = {{Efficient Bayes factor estimation from the reversible jump output}},
journal = {Biometrika},
year = {2006}
}

@article{Gunn:2001cx,
author = {Gunn, Roger N. and Gunn, Steve R. and Cunningham, Vincent J.},
title = {{Positron emission tomography compartmental models}},
journal = {Journal of Cerebral Blood Flow {\&} Metabolism},
year = {2001}
}

@book{Burnham:2002wc,
author = {Burnham, Kenneth P. and Anderson, David R.},
title = {{Model Selection and Multimodel Inference: A Practical Information-theoretic Approach}},
publisher = {Springer},
year = {2002}
}

@article{Chen:2005dg,
author = {Chen, Yuguo and Diaconis, Persi and Holmes, Susan P. and Liu, Jun S.},
title = {{Sequential Monte Carlo methods for statistical analysis of tables}},
journal = {Journal of the American Statistical Association},
year = {2005}
}

@article{Bozdogan:1987wy,
author = {Bozdogan, Hamparsum},
title = {{Model selection and Akaike's information criterion (AIC): The general theory and its analytical extensions}},
journal = {Psychometrika},
year = {1987}
}

@article{Muller:1984vr,
author = {Muller, Hans-Georg},
title = {{Smooth optimum kernel estimators of densities, regression curves and modes}},
journal = {The Annals of Statistics},
year = {1984}
}

@article{Schafer:2011bx,
author = {Sch{\"a}fer, Christian and Chopin, Nicolas},
title = {{Sequential Monte Carlo on large binary sampling spaces}},
journal = {Statistics and Computing},
year = {2011}
}

@article{Givens:1996ul,
author = {Givens, Geof H. and Raftery, Adrian E.},
title = {{Local adaptive importance sampling for multivariate densities with strong nonlinear relationships}},
journal = {Journal of the American Statistical Association},
year = {1996}
}

@article{Gunn:2002tf,
author = {Gunn, Roger N. and Gunn, Steve R. and Turkheimer, Federico E. and Aston, John A. D. and Cunningham, Vincent J.},
title = {{Positron emission tomography compartmental models: a basis pursuit strategy for kinetic modeling}},
journal = {Journal of Cerebral Blood Flow {\&} Metabolism},
year = {2002}
}

@article{Liu:1998iu,
author = {Liu, Jun S. and Chen, Rong},
title = {{Sequential Monte Carlo methods for dynamic systems}},
journal = {Journal of the American Statistical Association},
year = {1998}
}

@article{Doucet:2000ui,
author = {Doucet, Arnaud and Godsill, Simon and Andrieu, Christophe},
title = {{On sequential Monte Carlo sampling methods for Bayesian filtering}},
journal = {Statistics and Computing},
year = {2000}
}

@article{Casella:1998tj,
author = {Casella, George and Robert, Christian P.},
title = {{Post-processing accept-reject samples: recycling and rescaling}},
journal = {Journal of Computational and Graphical Statistics},
year = {1998}
}

@article{Lee:2010fm,
author = {Lee, Anthony and Yau, Christopher and Giles, Michael B. and Doucet, Arnaud and Holmes, Christopher C.},
title = {{On the utility of graphics cards to perform massively parallel simulation of advanced Monte Carlo methods}},
journal = {Journal of Computational and Graphical Statistics},
year = {2010}
}

@article{Meng:1996wj,
author = {Meng, Xiao-Li and Wong, Wing Hung},
title = {{Simulating ratios of normalizing constants via a simple identity: A theoretical exploration}},
journal = {Statistica Sinica},
year = {1996}
}

@article{Berger:1987iq,
author = {Berger, James O. and Delampady, Mohan},
title = {{Testing precise hypotheses}},
journal = {Statistical Science},
year = {1987}
}

@article{Turkheimer:2003iy,
author = {Turkheimer, Federico E. and Hinz, Rainer and Cunningham, Vincent J.},
title = {{On the undecidability among kinetic models: From model selection to model averaging}},
journal = {Journal of Cerebral Blood Flow {\&} Metabolism},
year = {2003}
}

@article{Albert:1993kc,
author = {Albert, James H. and Chib, Siddhartha},
title = {{Bayesian analysis of binary and polychotomous response data}},
journal = {Journal of the American Statistical Association},
year = {1993}
}

@article{Gustafsson:2010ky,
author = {Gustafsson, Fredrik},
title = {{Particle filter theory and practice with positioning applications}},
journal = {IEEE Aerospace and Electronic Systems Magazine},
year = {2010}
}

@article{Bartlett:1963ty,
author = {Bartlett, M. S.},
title = {{Statistical estimation of density functions}},
journal = {Sankhya: The Indian Journal of Statistics, Series A},
year = {1963}
}

@article{Stone:1982ck,
author = {Stone, Charles J.},
title = {{Local asymptotic admissibility of a generalization of Akaike's model selection rule}},
journal = {Annals of the Institute of Statistical Mathematics},
year = {1982}
}

@article{Carlin:1995uy,
author = {Carlin, Bradley P. and Chib, Siddhartha},
title = {{Bayesian model choice via Markov chain Monte Carlo methods}},
journal = {Journal of the Royal Statistical Society. Series B (Methodological)},
year = {1995}
}

@article{Berger:1989vj,
author = {Berger, James O. and Bernardo, Jos{\'e} M.},
title = {{Estimating a product of means: Bayesian analysis with reference priors}},
journal = {Journal of the American Statistical Association},
year = {1989}
}

@article{Mintun:1984cu,
author = {Mintun, Mark A. and Raichle, Marcus E. and Kilbourn, Michael R. and Wooten, G. Frederick and Welch, Michael J.},
title = {{A quantitative model for the in vivo assessment of drug binding sites with positron emission tomography.}},
journal = {Annals of Neurology},
year = {1984}
}

@article{Whitley:1994kp,
author = {Whitley, Darrell},
title = {{A genetic algorithm tutorial}},
journal = {Statistics and Computing},
year = {1994}
}

@article{Hastie:1987dj,
author = {Hastie, Trevor},
title = {{A closer look at the deviance}},
journal = {The American Statistician},
year = {1987}
}

@article{Cappe:2004fe,
author = {Capp{\'e}, Olivier and Guillin, A. and Marin, J. M. and Robert, C. P.},
title = {{Population Monte Carlo}},
journal = {Journal of Computational and Graphical Statistics},
year = {2004}
}

@article{Neal:2001we,
author = {Neal, Radford M.},
title = {{Annealed importance sampling}},
journal = {Statistics and Computing},
year = {2001}
}

@phdthesis{Johansen:2006vu,
author = {Johansen, Adam M.},
title = {{Some non-standard sequential Monte Carlo methods and their applications}},
school = {University of Cambridge},
year = {2006}
}

@article{Gelfand:1990it,
author = {Gelfand, Alan E. and Smith, Adrian F. M.},
title = {{Sampling-based approaches to calculating marginal densities}},
journal = {Journal of the American Statistical Association},
year = {1990}
}

@article{BarndorffNielsen:1983ia,
author = {Barndorff-Nielsen, O.},
title = {{On a formula for the distribution of the maximum likelihood estimator}},
journal = {Biometrika},
year = {1983}
}

@article{Green:2011tk,
author = {Green, Peter J. and Mira, Antonietta},
title = {{Delayed rejection in reversible jump Metropolis-Hastings}},
journal = {Biometrika},
year = {2011}
}

@phdthesis{Fearnhead:1998wj,
author = {Fearnhead, Paul},
title = {{Sequential Monte Carlo methods in filter theory}},
year = {1998}
}

@article{Hong:2004ja,
author = {Hong, S and Bolic, M and Djuric, P M},
title = {{An efficient fixed-point implementation of residual resampling scheme for high-speed particle filters}},
journal = {IEEE Signal Processing Letters},
year = {2004}
}

@article{Bolic:2004eu,
author = {Bolic, Miodrag and Djuric, Petar M. and Hong, Sangjin},
title = {{Resampling algorithms for particle filters: A computational complexity perspective}},
journal = {EURASIP Journal on Advances in Signal Processing},
year = {2004}
}

